2318 3914
211 144 778 220 Lrnnnsrcunnus.
811 116 830 131 ⁸
861 141 944 231 2387

63 265 101 325 de
114 259 235 338 patella:
255 256 356 319 deinde
376 258 414 316 ita
435 269 559 317 mortem
579 275 639 317 non
657 260 811 328 timentes,
829 255 940 319 utillud

64 341 97 401 in
111 356 161 399 ore
174 336 291 397 habeant
304 352 340 394 ex
354 333 521 411 Hymnide,

107 414 233 491 Mihisex
246 413 342 489 menses
350 410 420 488 fertis
428 411 497 484 funt
511 411 589 469 vite:
605 411 745 490 septimum
752 418 817 468 Orco
823 411 937 487 spondeo.

60 492 124 577 jam
138 491 239 551 doloris
252 488 457 549 medicamenta
472 488 516 546 illa
532 488 684 564 Epicurea,
703 500 846 564 tamquam
865 486 940 547 ²⁹de

66 568 211 643 narthecio
230 578 384 643 promant:
399 561 556 641 figravr's,
578 564 668 622 brevis
680 584 689 622 a
703 561 847 641 filingas,
866 562 942 623 levis.

65 662 155 703 unum
168 642 280 712 nescio,
300 660 359 717 quo
373 640 461 700 modo
475 641 574 718 poffit,
595 640 615 700 si
627 639 777 701 luxuriosus
791 639 840 710 sit,
853 638 942 698 finitas

67 739 102 781 cu
120 720 229 780 iditates
241 719 351 776 habere.

136 796 187 855 lll.
208 798 316 870 Qurn
338 812 441 853 nneo
460 797 555 854 attinet
578 795 695 864 dicere,
715 792 784 852 nihil
803 791 991 868 haberem,23'
1055 830 1062 847 .

68 874 139 953 quod
155 871 381 948 reprehendeeem,
388 869 420 1005 β
435 870 530 946 finitae
548 872 703 948 cupiditates
721 870 868 929 haberent?
886 871 943 928 hoc

69 949 109 1009 est
123 949 236 1016 dicere,
256 966 307 1004 non
321 960 389 1024 repre
407 948 524 1007 eraderem
541 953 622 1024 asotos
634 947 684 1084 'ist
701 968 754 1005 non
772 948 848 1024 effent
867 946 942 1022 aseri.

68 1026 124 1084 isto
139 1022 246 1093 modo,
265 1041 302 1082 ne
314 1024 456 1100 improbos
469 1025 582 1101 quidem
607 1069 616 1095 ‚
652 1044 664 1084 r
684 1021 769 1084 essent
796 1025 864 1083 boni
885 1023 945 1082 viri.

70 1101 133 1165 Hic
147 1099 237 1158 modo
250 1098 355 1158 severus
369 1101 505 1168 luxuriam
527 1120 575 1175 per
596 1102 622 1159 se
643 1100 728 1177 ipsam
743 1099 948 1177 reprehenden-

73 1177 141 1236 dam
155 1193 215 1235 non
228 1186 314 1251 putat.
333 1178 363 1235 &
375 1177 488 1236 hercule
498 1178 678 1253 ,Torquate,
688 1191 719 1237 ur
733 1195 832 1237 verum
848 1176 947 1253 loqua-

74 1270 162 1323 mur,
181 1250 342 1328 sivoluptas
367 1252 508 1312 summum
530 1254 638 1313 bonum
651 1255 706 1324 est,
725 1251 870 1313 reettffimd
884 1270 944 1312 non
991 1255 1064 1327 121³·

74 1338 161 1405 putat.
197 1328 286 1387 nolim
301 1330 378 1388 enim
397 1331 467 1388 mihi
478 1329 581 1405 fingere
596 1331 704 1400 asotos,
718 1343 748 1390 ut
761 1329 970 1406 solertem-quit
987 1329 1029 1378 sm

75 1408 105 1466 in
128 1404 251 1464 mensam
273 1416 414 1476 vomant,
435 1408 465 1465 &
491 1406 540 1483 qui
561 1406 595 1464 de
627 1408 762 1483 cpnviviis
790 1376 1064 1491 ιιιῐειιιιιιιι’ἒξιζζῗξιι

76 1480 208 1557 crudique
221 1481 349 1557 postridie
362 1482 389 1541 se
405 1482 492 1542 rursus
512 1483 679 1561 ingurgitent
695 1503 702 1542 :
722 1484 771 1560 qui
790 1483 897 1553 solem,
916 1494 947 1541 ut
958 1516 1027 1554 mm,

76 1560 178 1634 ajunt,
199 1566 251 1617 net
267 1558 443 1619 occidentem
466 1576 600 1636 umquam
619 1559 762 1630 viderint,
788 1577 842 1619 nec
857 1561 1034 1618 orion-tamt.

75 1648 160 1695 rem:
187 1637 259 1709 qui,
293 1635 460 1712 consumptis
486 1636 689 1711 patrimoniis,
715 1649 823 1713 egeant.
862 1653 950 1694 nemo

76 1709 203 1770 nostrum
230 1712 303 1775 istius
329 1714 436 1787 generis
469 1712 559 1772 asotos
588 1710 711 1787 jucundi
740 1726 817 1789 purat
848 1716 954 1773 vivere.

77 1798 110 1841 30
118 1788 254 1856 mundos,
274 1788 428 1862 elegantes,
447 1789 561 1877 optimis
574 1789 648 1847 cocis
664 1831 673 1857 ,
692 1788 849 1864 pistoribus,
868 1789 953 1865 pisca·

77 1874 127 1934 tu,
147 1864 285 1938 aucupio,
305 1867 474 1934 venatione,
492 1865 534 1922 his
548 1864 678 1931 omnibus
692 1863 845 1938 exquisitis,
864 1867 955 1924 vitan·
1045 1934 1048 1939 ¹

77 1953 120 2001 tes
133 1941 315 2007 cruditatem,
337 1950 362 1993 3¹
373 1940 466 2020 quibus
482 1941 580 1999 vinam
592 1940 711 2015 defrefiem
728 1941 824 2018 ipsene
832 1938 889 2017 stt.-
910 1941 953 1999 hir

841 2014 953 2109 filhan.

114 2185 152 2223 29·
169 2174 205 2216 De
215 2170 320 2217 umheu'o
327 2174 448 2232 promeae]
462 2168 509 2218 Pal.
524 2169 565 2218 ille
576 2184 610 2234 pr.
618 2179 733 2232 prement,
749 2168 789 2218 vix
805 2167 954 2233 improbem,

82 2244 108 2281 nt
121 2230 227 2295 respiciat
241 2231 270 2280 ad
280 2232 355 2290 illud,
366 2230 432 2295 quod
443 2231 569 2296 praecessit,
585 2235 717 2295 reperiemus.
751 2236 844 2281 Gruter.

116 2311 153 2350 ιο.
171 2297 280 2350 Mendes,
295 2297 405 2359 eleganeeis
415 2298 472 2353 da]
488 2300 543 2344 Hac
553 2295 601 2358 ipsa
613 2294 665 2344 sunt
677 2297 756 2360 po'e'tre
767 2296 864 2357 alicuius
870 2293 955 2345 versus:

82 2356 124 2409 sed
136 2359 189 2421 quis
199 2357 289 2422 digeret
299 2359 324 2406 in
334 2356 418 2422 pedes,
434 2355 475 2406 nisi
488 2357 584 2407 otiosus.
617 2361 686 2407 Idem.

116 2436 154 2474 ιι.
169 2424 257 2484 Quibus
267 2424 345 2469 vinum
355 2423 380 2469 di
420 2419 480 2468 eme*
491 2424 552 2484 pleno
561 2423 590 2480 fir
600 2425 724 2484 enophoro,
740 2425 776 2469 cui
792 2423 849 2469 nihil
864 2422 958 2483 dempse-

81 2487 179 2543 rirjns,
194 2487 220 2536 dy
231 2485 325 2544 flacculis
340 2486 365 2531 ab
382 2486 468 2541 aleria]
497 2486 616 2545 Antiquos
632 2482 719 2533 Maffaei
736 2485 795 2533 liber
810 2483 897 2541 habet,
917 2487 957 2532 cua·

82 2548 141 2594 nibil
152 2548 264 2608 dempserit
279 2551 316 2594 vie
332 2548 358 2599 (7
370 2548 465 2608 sacculos
481 2548 597 2607 abstulerit.
623 2548 740 2603 emendo,
756 2550 792 2595 eui
802 2549 859 2595 nibil
869 2547 957 2609 dempfit

83 2614 124 2657 nix
137 2610 165 2661 d
179 2611 270 2669 sacculos
284 2610 398 2671 abstulerit.
432 2608 494 2668 apud
507 2623 614 2666 veteres,
631 2611 672 2675 qui
683 2612 767 2659 lautius
778 2608 904 2665 vivebant,
919 2609 956 2658 vi·

84 2686 119 2733 no
137 2671 331 2728 deleelabantur,
362 2671 427 2732 qnod
442 2670 509 2720 sacco
528 2673 619 2722 nivario
629 2672 790 2723 transmissum
800 2670 877 2728 esset,
894 2685 959 2719 non·

83 2736 162 2787 solum
173 2750 198 2783 ut
208 2734 314 2798 frigidius
325 2731 431 2785 biberent
442 2768 450 2792 ,
471 2733 511 2784 sed
526 2737 600 2785 etiam
611 2748 636 2785 ut
652 2736 773 2802 liquidius.
805 2737 886 2799 itaque
897 2733 957 2787 dixit

85 2799 206 2848 Martialis
216 2798 316 2847 lib.xrr.
392 2802 395 2809 '
627 2818 630 2825 ’

223 2866 257 2907 ‘ve
272 2861 382 2924 liquidem
394 2873 450 2924 petet
465 2862 547 2909 alaude
562 2879 662 2920 mam,

226 2925 299 2971 Turba
310 2926 406 2986 fossiciae
421 2928 564 2973 transmisere
581 2927 664 2974 caecuba
675 2927 745 2987 saeco.

86 2989 113 3038 δι
129 2988 154 3036 in
170 2984 295 3036 Distichis:

227 3053 315 3097 Serrirer
329 3065 414 3106 moneo,
430 3048 500 3110 nostre
515 3053 567 3098 nive
577 3050 655 3112 frange
670 3051 778 3097 trientes:

87 3111 113 3161 id
125 3111 172 3169 est,
188 3113 261 3161 Setini
272 3112 321 3162 vini
332 3114 382 3161 vim
395 3112 480 3175 frange
490 3113 562 3169 nive,
577 3126 602 3161 ut
618 3110 726 3176 frigidius
736 3111 809 3164 bibas.
831 3112 963 3165 servabatur

90 3176 158 3223 enim
174 3178 214 3224 nix
225 3176 288 3225 bunc
302 3177 326 3224 in
340 3173 413 3224 usum.
429 3175 517 3237 dequo
531 3176 616 3223 Plinius
628 3174 667 3226 lib.
676 3190 728 3224 ιιι.
746 3189 797 3239 cap.
803 3195 825 3237 4.
843 3182 877 3225 Hi
886 3181 962 3234 nives,

90 3236 183 3297 inquit,
198 3240 237 3286 illi
242 3243 334 3303 glaciem
342 3250 423 3302 potant.
457 3236 551 3287 Deinde
566 3237 656 3286 infert:
672 3244 831 3302 Excogitarur,
847 3254 872 3288 aer
882 3243 960 3289 alienis

89 3299 192 3357 menfilma
206 3306 245 3348 nix
254 3306 337 3362 algeat,
352 3300 398 3366 qud
405 3302 488 3360 scilicet
498 3304 553 3347 vina
564 3301 720 3414 refssemtur.
738 3307 762 3355 1³.
779 3307 873 3354 Manut.
939 3307 961 3351 i·

88 3365 127 3409 bus
138 3365 216 3410 vinem
225 3367 344 3426 defusum]
356 3363 466 3426 Defusum
476 3378 506 3413 ex
518 3376 575 3413 vert.
585 3365 603 3413 ti
634 3399 642 3415 .
656 3366 746 3431 reposui
759 3401 768 3423 ,
783 3381 827 3431 pro
841 3365 960 3429 diffusam,

88 3440 183 3482 cetera,
199 3440 249 3489 que
258 3426 402 3503 sequuntur,
419 3428 532 3478 Manutio
544 3427 663 3481 debentur.
686 3444 736 3479 non
748 3429 831 3480 celabo
844 3431 960 3478 letiorem
1038 3488 1041 3497 Ι

88 3501 173 3542 tamen
189 3490 216 3543 iu
230 3488 313 3545 aestua
328 3490 394 3545 tibris
409 3492 541 3552 omnibus,
565 3506 609 3558 pro
624 3496 750 3560 anphora,
768 3490 830 3553 else,
844 3492 961 3556 hyrrspons

200 3644 205 3673 l
