2318 3914
132 129 136 137 >
240 110 435 178 Laura
477 109 819 181 Statuamus.
890 114 974 203 2383

131 221 192 280 Hic
211 220 366 281 sr'definire
386 219 575 311 veldividere
596 218 754 291 didicisset,
790 222 809 281 sr
830 222 965 303 loquendi
973 242 1014 303 30

94 297 216 368 uim,fi
247 298 367 377 denique
395 295 625 355 consuetudinem
658 296 807 357 verborum
840 312 966 371 teneret,
1057 314 1060 321 '

94 391 249 452 numquam
265 376 294 437 in
309 388 398 435 tantas
412 373 524 432 salebras
536 368 679 431 incidisset.
699 390 776 431 nunc
793 375 885 447 vides,
898 378 968 457 quid

95 451 186 510 faciat.
224 468 308 527 quam
323 466 412 510 nemo
427 466 563 524 umquam
586 448 760 523 voluptatem
781 453 918 525 appellat,
937 456 970 513 ὃ(

94 526 167 585 hanc
179 528 208 587 in
224 540 308 586 motu
320 527 514 600 voluptatem,
534 541 599 601 quae
614 522 672 583 duo
684 525 767 593 sunt,
787 543 873 585 unum
893 530 968 589 facit.

94 601 132 661 sic
146 605 223 663 enim
237 605 285 662 has
304 604 400 661 suaves
420 602 451 660 δε
468 600 544 679 quasi
560 600 653 658 dulces
668 602 823 676 voluptates
843 605 966 677 appellat.
1043 596 1051 613 ⁹

91 679 233 739 interdum
254 681 294 738 ita
315 689 469 746 extenuat,
496 690 526 735 ut
541 674 616 734 dM’.
631 677 750 736 Curium
773 691 850 751 putes
870 672 989 756 loqui:d
1005 680 1042 727 M»
1059 677 1110 725 ⁴¹⁸³·

91 755 235 815 interdum
250 756 289 812 ita
302 754 412 822 laudat,
431 766 478 822 ut,
496 753 564 831 quid
578 766 711 828 praetcrea
727 753 896 824 tithonum,
916 775 967 815 ue·

89 846 139 918 get
151 832 179 891 se
192 829 270 906 polle
284 848 320 888 ne
334 829 455 905 suspicari
474 829 598 906 quiden.
636 847 701 907 quae
718 831 779 905 jam
801 834 891 890 oratio
905 850 966 891 nou

90 924 108 964 a
124 907 292 982 philosopho
307 906 418 993 aliquo,
437 905 482 965 sed
496 905 512 964 d
525 905 639 965 censore
653 906 836 982 opprimenda
850 908 894 966 est.
905 928 964 968 non

90 983 132 1041 eil
146 984 226 1041 enirn
240 983 338 1040 uiuum
352 983 520 1041 moratione
536 982 643 1052 sollum,
661 984 708 1041 sed
729 985 812 1041 eriam
835 985 864 1041 in
879 987 968 1043 mori·

90 1059 153 1117 bus.
191 1058 325 1117 luxuriam
338 1076 397 1117 nou
410 1058 604 1134 reprehendit,
625 1057 714 1118 modo
738 1059 770 1118 ht
790 1077 877 1119 vacua
898 1061 963 1120 insi·

90 1136 153 1193 nita
168 1134 312 1210 cupiditate
339 1136 369 1193 &
389 1135 501 1194 timore.

133 1212 200 1269 Hoc
211 1212 276 1271 loco
289 1209 433 1287 discipulos
446 1228 571 1285 quaerere
584 1212 708 1281 videtur,
728 1223 779 1271 eut
793 1256 802 1282 ‚
823 1214 870 1290 qui
892 1214 959 1277 asoti
971 1220 1004 1279 ³¹
1031 1278 1037 1290 ,

90 1285 151 1347 esse-
161 1287 260 1357 vcliut,
279 1287 434 1362 philosophi
448 1287 512 1347 ante
526 1287 603 1348 fiant.
629 1290 657 1347 A
672 1290 780 1363 primo,
801 1304 831 1348 ut
846 1293 981 1365 opinor,e
997 1293 1100 1355 ‘imum

90 1363 272 1425 animantium
285 1376 350 1423 ortu
362 1365 464 1439 petitur
484 1364 564 1439 origo
586 1366 687 1423 summi
701 1366 777 1424 boni.
816 1367 902 1425 Simul
917 1383 958 1429 at·
966 1360 1020 1407 ⁶⁰⁸²·
1032 1345 1110 1395 ''⁴¹¹⁸“

87 1442 145 1516 ciue
157 1455 253 1499 natum
267 1440 371 1499 animal
383 1440 439 1509 est,
457 1440 558 1516 gaudet
570 1440 712 1517 voluptate
724 1484 733 1510 ‚
753 1442 783 1499 dt
796 1460 857 1500 eam
874 1462 958 1520 appe-

85 1519 138 1587 tit,
158 1529 189 1577 ut
202 1518 324 1577 bouum:
345 1516 499 1591 aspernatur
512 1516 659 1583 dolorem,
679 1519 830 1576 utmalum.
852 1521 957 1581 derna-

85 1594 120 1653 lis
140 1606 235 1653 autem
261 1594 292 1652 &
306 1594 386 1655 bouis
417 1593 503 1651 abiis
539 1594 724 1663 animalibus,
745 1612 809 1670 quae
828 1597 957 1661 noudum

84 1670 233 1744 deprauata
246 1669 314 1737 sint,
334 1670 372 1728 ait
383 1667 490 1745 optime
499 1669 624 1743 judicari.
664 1669 737 1729 Haec
752 1673 782 1728 δι
797 1684 827 1729 tu
848 1673 885 1730 ita
905 1692 958 1750 po·

83 1746 175 1817 suisli,
195 1749 225 1806 δι
238 1747 321 1805 verba
334 1745 420 1803 vestra
433 1744 502 1804 suut.
544 1744 642 1820 Quium
657 1747 743 1805 multa
758 1746 955 1809 vitiosaisum·

85 1824 263 1882 mum-enim
297 1823 405 1881 bonum
440 1824 469 1880 ὃ(
491 1822 597 1881 malum
617 1825 729 1898 vagiens
749 1840 817 1898 puer
831 1838 889 1883 utra
905 1844 958 1887 vo·

83 1900 188 1975 luptare
203 1898 378 1976 dijudicabit,
397 1897 500 1966 stante,
521 1916 556 1956 an
578 1898 742 1958 mouente?
782 1902 914 1969 uoniam,
933 1903 954 1962 si

83 1975 134 2035 diis
147 1978 256 2050 placet,
275 1976 309 2032 ab
322 1975 444 2050 Epicuro
456 1974 536 2051 loqui
549 1973 685 2035 discimus.
725 1973 745 2033 si
762 1918 850 2032 (liante
868 2019 877 2046 ,
898 1978 955 2037 hoc'

83 2066 182 2111 natura
198 2052 326 2113 videlicet
338 2051 421 2119 vult,
447 2048 548 2108 salvam
569 2050 623 2109 eise
644 2051 672 2109 se
688 2094 697 2121 ,
723 2050 800 2127 quod
812 2053 954 2111 concedi·

81 2146 145 2187 mus
162 2149 169 2187 a
189 2127 377 2196 srmovente,
395 2125 474 2202 quod
486 2137 581 2186 tamen
595 2126 701 2194 dicitu,
721 2128 794 2185 nulla
808 2129 890 2203 turpis
903 2146 956 2188 vo·
995 2138 1020 2185 Ρ.
1039 2137 1067 2187 u.

81 2205 169 2281 luptar
184 2205 250 2274 erit,
272 2222 337 2280 quae
350 2203 585 2278 praetermittenda
600 2203 639 2263 fit.
677 2206 708 2263 dc
722 2202 802 2262 simul
815 2222 874 2262 non
888 2222 954 2280 pro·
1038 2266 1042 2272 ,

79 2280 208 2353 ficiscitur
221 2281 324 2340 animal
337 2279 402 2339 illud
416 2277 505 2347 modo
520 2293 616 2339 natum
643 2279 660 2338 a
682 2281 791 2340 summa
799 2282 951 2356 voluptate:

81 2375 147 2435 quae
163 2357 200 2416 est
215 2357 231 2416 l
247 2356 375 2433 reposita
389 2358 419 2416 in
435 2373 494 2415 non
508 2356 640 2421 dolendo.
797 2360 801 2367 '

119 2435 182 2493 Nec
196 2447 292 2493 tamen
307 2445 502 2509 argumentum
517 2434 575 2492 hoc
594 2434 728 2511 Epicurus
748 2432 764 2493 h
780 2436 868 2510 parvis
883 2437 953 2512 peti·
965 2448 998 2507 32

78 2512 137 2581 vit,
157 2523 205 2569 aut
220 2512 304 2569 etiam
319 2508 335 2568 a
349 2509 450 2568 bestiis:
472 2527 536 2585 quae
550 2524 626 2584 putat
640 2509 694 2568 esse
708 2511 813 2586 specula
830 2525 952 2571 nuturae:

78 2601 111 2646 ut
124 2588 246 2656 diceret,
265 2588 300 2644 ab
313 2587 377 2655 hir,
397 2586 469 2644 duce
491 2586 604 2655 natura,
624 2588 696 2645 hanc
710 2589 882 2663 uoluptatem
905 2608 955 2647 erc·

77 2666 136 2739 peti
150 2663 218 2722 nihil
233 2661 353 2721 dolendi.
393 2680 429 2720 ne
450 2680 485 2719 ue
499 2664 574 2719 enim
588 2664 649 2721 haec
665 2682 782 2721 movere
798 2666 886 2739 potest
907 2685 954 2741 ap-

75 2742 196 2815 petitum
211 2740 311 2797 animi:
332 2755 385 2797 nec
399 2737 424 2780 f'
445 2755 493 2796 um
515 2739 597 2797 hahet
617 2740 703 2798 retum
726 2783 734 2808 ‚
757 2752 850 2814 50quo
870 2738 975 2814 pellatf
987 2741 1063 2796 ullum

74 2818 202 2875 animum
218 2816 298 2874 status
311 2815 357 2872 hic
370 2833 428 2874 non
443 2814 565 2874 dolendi.
603 2816 696 2891 itaque
718 2817 746 2874 in
767 2818 824 2875 hoc
846 2817 947 2877 eodem
959 2808 1035 2855 Lm·

72 2905 172 2969 peccat
193 2893 393 2968 Hieronymus.
433 2892 474 2950 Ac
493 2892 559 2950 uile
581 2892 681 2967 pellit,
701 2890 771 2968 hqui
794 2894 949 2966 permulcet
958 2869 1033 2979 {1¹72}

863 3030 867 3039 ,
890 2970 974 3041 sen'h
990 2998 1084 3057 quali.

71 3151 198 3203 utramque
204 3138 352 3204 scripturam,
370 3137 414 3194 lic3
431 3153 504 3201 quarn
514 3153 586 3188 nemo
599 3138 748 3202 uoluptatem
760 3137 951 3204 appellavit,ap·

71 3203 156 3264 pellar.
171 3203 296 3263 quomodo
310 3206 350 3251 suo
360 3201 477 3265 adscripsit
488 3201 549 3250 libro
560 3203 669 3265 Scaliger.
702 3204 791 3250 Gruter.

106 3273 146 3320 4⁶·
163 3266 214 3325 Quo
226 3269 292 3327 pellat
306 3271 403 3312 animum
414 3268 485 3325 status
500 3268 535 3311 hic
548 3267 706 3321 translatandi]
731 3265 853 3314 Editiones
873 3268 949 3327 priicae

70 3328 98 3376 &
106 3326 155 3376 Pal.
162 3329 414 3389 omnes‚animistarum
421 3333 473 3378 heic.
482 3326 541 3375 illud
551 3326 723 3392 tamenprobat
731 3327 753 3377 se
764 3330 819 3375 loco
826 3329 898 3377 Tullii
906 3344 949 3391 pro

67 3391 164 3445 Calior
182 3402 207 3437 ur
217 3393 309 3440 monuit
319 3394 461 3442 Gulielmius
473 3426 480 3448 ‚
496 3393 537 3454 qui
551 3393 683 3444 variantem
695 3404 750 3445 eam
761 3391 891 3442 leslionem
907 3407 951 3439 au·

64 3465 166 3505 notarat
178 3453 239 3505 item
249 3467 279 3505 ex
290 3454 396 3519 Tirsmo,
428 3457 502 3504 adem.

480 3523 542 3570 000
558 3538 635 3573 me
853 3534 895 3580 q'l·
910 3521 971 3579 Eis*
