2318 3914
269 169 458 237 LlBER
501 150 810 264 QUARTlrs.
894 204 972 271 2301

99 280 195 360 plicari
208 300 266 343 non
281 281 409 359 possunt,
428 299 482 341 nec
497 299 596 341 eorum
609 284 695 343 ullum
711 285 848 360 judicium
863 286 972 347 inveni·

69 394 77 407 .
100 373 170 430 tur,
188 372 219 419 ut
240 360 404 434 respondere
425 358 551 434 possitis,
578 370 678 418 verane
710 379 744 418 an
761 362 821 419 falsa
835 361 901 420 sint:
921 366 969 424 ubi
1039 378 1044 386 ·

100 435 140 495 est
153 436 197 496 illa
210 435 353 505 definitio,
374 435 488 494 effatum
503 434 600 503 estid,
627 437 703 512 quod
719 448 767 494 aut
779 454 875 494 verum
892 482 901 509 ‚
920 453 968 498 aut

101 510 197 571 salsum
213 512 264 570 fit?
284 514 377 569 Rebus
390 512 501 586 sumptis
520 554 528 579 ‚
548 511 693 586 adjungam
713 554 721 579 ,
742 529 776 568 ex
797 514 837 570 his
853 514 968 591 sequen·

102 586 149 646 das
163 585 216 646 elle
234 588 315 656 alias,
336 590 399 646 alias
420 585 636 661 improbandas,
663 604 726 663 quae
749 586 800 645 smt
819 590 847 647 in
867 607 967 663 genere
1022 638 1028 647 ,

98 665 249 727 contrario.
287 673 313 703 2¹
325 666 393 739 Quo
407 663 496 721 m'odo
509 664 590 737 igitur
601 663 657 720 hoc
673 662 831 721 conclusum
854 664 906 722 effe
923 668 968 741 ju-

99 738 197 798 dicas?
237 739 304 796 ²²Si
318 740 400 808 dicis,
419 755 493 796 nunc
506 738 614 806 lucere,
636 741 664 796 &
681 757 777 796 verum
793 740 874 797 dicis:
894 742 967 800 lucet
976 748 1014 820 96
1028 746 1031 753 '
1046 746 1049 751 '
1096 746 1101 755 '

97 815 107 873 i
128 815 190 873 itur.
229 815 346 887 probatis
367 813 440 873 certe
459 831 569 889 genus,
597 817 625 871 &
648 810 792 872 rediffimd
807 817 965 877 conclusum

118 891 198 949 icitis.
213 942 218 954 ,
235 891 327 965 itaque
347 893 376 948 in
403 889 533 949 docendo
559 908 624 947 eum
644 891 764 965 primum
780 893 965 951 concludendi
1065 921 1073 945 r

100 965 222 1024 modum
243 966 352 1026 traditis.
396 978 466 1035 aut,
486 967 619 1041 quidquid
640 968 720 1040 igitur
742 967 844 1026 eodem
874 969 962 1026 modo

99 1041 297 1111 concluditur,
316 1043 488 1116 probabitis,
507 1055 553 1099 aut
574 1059 614 1099 ars
635 1043 680 1099 illa
701 1043 773 1100 nulla
788 1043 832 1100 est.
868 1037 978 1102 ¹Vide¹
999 1039 1074 1090 video

98 1133 183 1191 ergo,
204 1118 274 1175 hanc
294 1118 501 1177 conclufionem
522 1118 716 1192 probaturusne
738 1118 791 1175 sis:
813 1116 831 1176 fi
847 1120 913 1177 dicis
932 1133 960 1178 re
971 1102 1018 1151 ’Μ’
1030 1116 1083 1154 vm.

97 1193 232 1261 mentiri,
253 1209 405 1269 verumque
427 1194 521 1251 dicis:
563 1195 692 1251 mentiris.
730 1194 795 1252 dicis
819 1208 909 1253 aurem
933 1209 961 1254 re

96 1269 225 1338 mentiri,
244 1284 396 1345 verumque
417 1270 492 1328 dicis.
530 1271 650 1328 mentiris
677 1269 764 1344 igitur.
803 1271 863 1343 Qui
882 1284 961 1344 potes

95 1342 169 1409 hane
182 1362 240 1402 non
256 1347 387 1419 probare,
407 1344 471 1403 cum
487 1347 640 1420 probaveris
661 1346 784 1418 ejusdem
819 1351 905 1404 eneris
919 1348 961 1405 su-

46 1486 55 1499 *
92 1419 253 1494 perierem?
273 1423 346 1480 Haec
362 1421 530 1497 Chrysippea
542 1422 626 1490 sunt,
655 1437 690 1478 ne
711 1421 744 1478 ab
764 1365 821 1496 ipd)
843 1423 958 1498 quidem

92 1493 227 1556 dissoluta.
264 1499 330 1572 quid
345 1500 421 1555 enim
436 1499 537 1554 faceret
550 1499 615 1555 huic
629 1496 819 1556 conclusioni?
839 1499 957 1569 silicet,

90 1569 176 1630 lucet.
213 1573 287 1631 lucet
312 1587 416 1632 autem.
451 1573 525 1630 lucet
559 1575 647 1648 igitur.
686 1573 822 1631 mcederet
849 1573 993 1633 scilicetm
1007 1586 1112 1641 aliine.

67 1650 76 1661 '
93 1646 150 1721 ipsa
164 1649 238 1707 enim
252 1648 322 1708 ratio
336 1651 473 1718 connexi,
494 1648 558 1707 clrm
572 1645 734 1706 concesseris
748 1649 865 1723 superius
880 1693 888 1718 ‚
909 1668 959 1709 co·
968 1645 1042 1699 derce.
1103 1706 1106 1711 .

92 1724 134 1855 {it
146 1724 258 1782 inferius
273 1726 436 1784 concedere.
474 1725 552 1798 Quid
565 1742 632 1798 ergo
646 1726 708 1782 haec
730 1726 764 1781 ab
785 1725 827 1782 illa
843 1727 958 1786 conclu·

116 1816 175 1858 one
185 1799 276 1859 differt
292 1800 315 1874 ἓ,
333 1801 358 1858 Si
375 1801 518 1869 mentiris,
537 1801 669 1858 mentiris.
706 1802 828 1859 mentiris
840 1814 931 1859 autem
948 1826 957 1870 ;

92 1876 218 1934 mentiris
232 1877 320 1951 igitur.
342 1878 408 1934 Hoc
420 1893 509 1950 negas
522 1888 550 1933 te
565 1874 640 1950 polle
654 1893 707 1934 nec
720 1877 884 1950 approbare,
904 1896 957 1936 nec

92 1950 260 2026 improbare.
298 1951 359 2024 Qus
373 1953 454 2027 igitur
469 1953 553 2026 magis
567 1950 653 2009 illud?
1004 1948 1009 1957 ’

134 2027 163 2085 Si
185 2045 248 2096 ars,
270 2025 290 2084 st
312 2027 380 2084 ratio
395 2069 403 2094 ‚
430 2027 450 2084 sr
466 2029 532 2096 via',
553 2028 573 2085 fi
588 2028 627 2084 vis
641 2026 760 2102 denique
776 2027 958 2095 conclusionis
969 2051 1005 2111 97

92 2103 186 2168 valet3
207 2102 304 2163 eadem
327 2102 411 2161 estin
431 2112 573 2178 utroque·
597 2102 650 2160 Sed
670 2103 726 2162 hoc
740 2114 896 2162 extremum
912 2123 964 2163 eo·

81 2194 159 2237 ,rum
175 2178 221 2237 est.
259 2177 412 2254 postulant,
432 2191 468 2256 ut
483 2180 652 2255 excipiantur
671 2179 733 2238 haec
755 2180 964 2255 inexplicabilia.
1027 2244 1059 2267 ,Α

93 2264 126 2309 ²3
136 2253 296 2317 Tribunum
310 2255 430 2331 aliquem
446 2254 544 2315 censeo
558 2255 678 2315 videant.
719 2253 798 2315 ame
818 2256 894 2316 istam
917 2275 969 2315 ex··
1045 2298 1051 2323 ‚-

94 2362 97 2367 ·
764 2382 770 2386 .
860 2347 991 2410 ceptro-1
1052 2390 1055 2395 .

128 2499 167 2536 21.
181 2485 293 2548 Quomodo
309 2486 376 2546 igr‘rur
390 2488 427 2532 hoc
439 2484 555 2544 conclusum
569 2485 607 2546 effe
616 2486 733 2544 judicus]
764 2485 800 2537 Sic
811 2498 895 2534 omnes
906 2484 960 2536 edd.

92 2547 157 2596 item
168 2549 216 2596 l’al.
227 2549 294 2610 prim.
308 2551 333 2597 bc
345 2553 365 2596 S.
378 2549 491 2604 victoris,
507 2548 547 2596 uili
559 2546 625 2611 quod
635 2550 668 2603 is,
683 2551 718 2594 hio
727 2550 791 2597 conci.
803 2562 827 2596 ar
837 2551 902 2597 enim
915 2550 963 2598 Pal.

92 2607 141 2661 sec.
155 2609 250 2658 exhibet
260 2609 342 2665 uobis,
358 2612 458 2673 quomodo
469 2624 507 2657 out
518 2611 596 2671 fossum
606 2611 642 2668 offe
652 2611 758 2668 judicos,
776 2611 873 2668 fidicis.
897 2609 964 2674 quod

92 2671 265 2720 examinabunt
278 2673 413 2735 quietiores.
434 2688 492 2721 nam
504 2673 562 2720 mihi
572 2672 669 2735 quidem
687 2670 719 2718 fic
733 2670 852 2720 festinanti
873 2671 966 2736 scrupu-

92 2733 148 2782 lum
163 2749 212 2782 non
227 2736 304 2783 levem
319 2735 397 2793 injecit
409 2751 417 2790 3
436 2734 500 2799 quod
511 2749 560 2784 nou
571 2735 643 2784 soleat
654 2733 695 2782 ille
705 2732 764 2782 liber
777 2733 910 2782 exorbitare
920 2733 964 2783 nisu
996 2746 1000 2753 ·

92 2795 234 2847 knmcausa.
268 2801 355 2846 Gruter.
383 2821 386 2830 ›

129 2874 168 2908 22.
185 2862 213 2907 Si
221 2861 276 2906 dicis
284 2877 338 2906 nunc
347 2862 426 2915 lucere,
440 2862 467 2911 do·
478 2876 554 2907 verum
564 2862 633 2907 dicis:
651 2861 703 2906 lum
713 2863 801 2921 {girum}
816 2863 900 2905 llomo
912 2872 962 2906 nou

92 2934 177 2970 acutus
191 2921 257 2969 ausus
272 2921 321 2970 sum
336 2921 414 2971 delere
430 2923 517 2984 septem
529 2924 621 2984 aliquot
633 2936 715 2976 voces,
731 2921 964 2982 quaequinquxginta

92 2982 146 3037 fere
157 2999 197 3057 per
208 2998 284 3031 onnus
295 2983 364 3032 istum
373 2982 504 3032 insederant
518 2985 606 3033 locum.
629 2985 750 3045 quippe&
764 2983 804 3029 alii
816 2982 921 3036 edidere,
938 2985 964 3033 bc
1007 3040 1010 3047 Ι

93 3046 237 3102 neuterius,
249 3048 273 3094 δι
283 3050 379 3097 Brutus,
392 3047 565 3103 &Lambinus‚
582 3049 607 3096 δι
618 3045 793 3106 Alduselepos5
809 3046 834 3090 St
846 3048 899 3089 dicis
909 3063 963 3091 nunc
1006 3074 1010 3080 -

94 3111 177 3165 lucere,
192 3110 218 3161 dr·
230 3126 305 3155 verum
315 3111 384 3154 dicis:
401 3114 461 3156 lucet.
477 3110 531 3154 dicis
543 3121 613 3154 aorem
625 3111 704 3161 lucere,
720 3108 745 3158 df
757 3125 832 3153 uterum
842 3110 910 3152 decis:
928 3111 963 3152 lu·

64 3180 71 3189 ‘
95 3174 217 3232 tetigitur.
244 3184 296 3231 quae
317 3168 457 3219 intermedia
474 3184 551 3233 neque
567 3168 671 3233 agnoscit
687 3170 761 3218 Aldus
775 3172 869 3225 nruior,
887 3185 965 3232 neque

94 3232 213 3346 ¹Viokorius
224 3265 231 3288 ,
246 3248 322 3295 neque
333 3234 390 3283 Pall.
403 3247 480 3296 neque
490 3238 511 3283 S.
524 3233 624 3285 Videris
633 3232 716 3283 codex.
727 3235 807 3295 itaque
818 3248 858 3281 cur
868 3247 913 3296 ego
926 3247 966 3281 ro·
1006 3288 1010 3298 Ι

108 3298 212 3344 erarem?
229 3298 295 3344 Idem.

128 3373 165 3414 23.
182 3360 299 3405 Tribunum
310 3361 404 3421 aliquem
421 3360 487 3419 censeo
502 3357 598 3416 adeone]
614 3357 654 3405 Pal
679 3357 722 3405 ille
737 3354 828 3404 secund.
846 3358 911 3417 censeo
927 3360 966 3404 vi·

82 3422 165 3470 'deone
183 3434 233 3467 non
242 3422 330 3469 temere
337 3421 452 3484 profesio.
470 3386 720 3468 &vidennracudores
731 3419 908 3480 nnlroicrepunl
919 3419 961 3463 de·
1054 3432 1060 3443 ·
1092 3476 1095 3483 Ι

93 3483 156 3536 bear.
173 3483 378 3542 norumesteuim,
394 3485 501 3541 mavinia,
517 3483 578 3545 apud
594 3483 709 3530 Comicos
728 3481 834 3547 aliosque
846 3481 894 3529 tale
905 3478 962 3540 quid

506 3547 690 3617 thhh-hha
787 3602 811 3625 κ
913 3557 962 3605 quo
