<?xml version="1.0" encoding="UTF-8"?>
<!DOCTYPE html PUBLIC "-//W3C//DTD XHTML 1.0 Transitional//EN"
    "http://www.w3.org/TR/xhtml1/DTD/xhtml1-transitional.dtd">
<html xmlns="http://www.w3.org/1999/xhtml" xml:lang="en" lang="en">
 <head>
  <title>
</title>
<meta http-equiv="Content-Type" content="text/html;charset=utf-8" />
  <meta name='ocr-system' content='tesseract 3.04.00' />
  <meta name='ocr-capabilities' content='ocr_page ocr_carea ocr_par ocr_line ocrx_word'/>
</head>
<body>
  <div class='ocr_page' id='page_1' title='image "./marcitulliicice02pedigoog_0119.png"; bbox 0 0 2318 3914; ppageno 0'>
   <div class='ocr_carea' id='block_1_1' title="bbox 258 142 986 233">
    <p class='ocr_par' dir='ltr' id='par_1_1' title="bbox 258 142 986 233">
     <span class='ocr_line' id='line_1_1' title="bbox 258 142 986 233; baseline -0.007 -20"><span class='ocrx_word' id='word_1_1' title='bbox 258 152 370 233; x_wconf 73' lang='lat'><em>2322‘</em></span> <span class='ocrx_word' id='word_1_2' title='bbox 442 142 640 209; x_wconf 74' lang='lat' dir='ltr'>Acarnan.</span> <span class='ocrx_word' id='word_1_3' title='bbox 670 142 986 226; x_wconf 73' lang='lat' dir='ltr'>Qunsrronnm</span> 
     </span>
    </p>
   </div>
   <div class='ocr_carea' id='block_1_2' title="bbox 68 256 1151 2543">
    <p class='ocr_par' dir='ltr' id='par_1_2' title="bbox 68 256 1151 1862">
     <span class='ocr_line' id='line_1_2' title="bbox 258 256 1069 335; baseline 0.002 -20"><span class='ocrx_word' id='word_1_4' title='bbox 258 259 362 327; x_wconf 88' lang='lat' dir='ltr'>ciatur,</span> <span class='ocrx_word' id='word_1_5' title='bbox 379 256 487 317; x_wconf 83' lang='lat' dir='ltr'>illarum</span> <span class='ocrx_word' id='word_1_6' title='bbox 502 257 534 317; x_wconf 86' lang='lat' dir='ltr'>sit</span> <span class='ocrx_word' id='word_1_7' title='bbox 547 256 776 317; x_wconf 83' lang='lat' dir='ltr'>diffimillimum?</span> <span class='ocrx_word' id='word_1_8' title='bbox 795 270 842 318; x_wconf 88' lang='lat' dir='ltr'>aut</span> <span class='ocrx_word' id='word_1_9' title='bbox 854 257 912 318; x_wconf 84' lang='lat' dir='ltr'>sine</span> <span class='ocrx_word' id='word_1_10' title='bbox 925 258 1023 335; x_wconf 84' lang='lat' dir='ltr'>aliqua</span> <span class='ocrx_word' id='word_1_11' title='bbox 1038 274 1069 317; x_wconf 89' lang='lat' dir='ltr'>m</span> 
     </span>
     <span class='ocr_line' id='line_1_3' title="bbox 256 333 1124 412; baseline 0 -19"><span class='ocrx_word' id='word_1_12' title='bbox 256 350 319 393; x_wconf 85' lang='lat' dir='ltr'>rem</span> <span class='ocrx_word' id='word_1_13' title='bbox 339 335 432 392; x_wconf 88' lang='lat' dir='ltr'>ullam-</span> <span class='ocrx_word' id='word_1_14' title='bbox 447 334 519 394; x_wconf 89' lang='lat' dir='ltr'>effici</span> <span class='ocrx_word' id='word_1_15' title='bbox 537 333 614 412; x_wconf 79' lang='lat' dir='ltr'>polle</span> <span class='ocrx_word' id='word_1_16' title='bbox 635 333 820 410; x_wconf 78' lang='lat' dir='ltr'>praeclaram?</span> <span class='ocrx_word' id='word_1_17' title='bbox 848 337 901 405; x_wconf 87' lang='lat'>&amp;,</span> <span class='ocrx_word' id='word_1_18' title='bbox 936 336 1006 393; x_wconf 78' lang='lat' dir='ltr'>cum</span> <span class='ocrx_word' id='word_1_19' title='bbox 1030 334 1062 395; x_wconf 92' lang='lat' dir='ltr'>in</span> <span class='ocrx_word' id='word_1_20' title='bbox 1075 350 1124 393; x_wconf 83' lang='lat' dir='ltr'>uno</span> 
     </span>
     <span class='ocr_line' id='line_1_4' title="bbox 258 410 1125 481; baseline 0.001 -13"><span class='ocrx_word' id='word_1_21' title='bbox 258 410 367 469; x_wconf 90' lang='lat' dir='ltr'>mundo</span> <span class='ocrx_word' id='word_1_22' title='bbox 382 424 492 470; x_wconf 81' lang='lat' dir='ltr'>omarus</span> <span class='ocrx_word' id='word_1_23' title='bbox 505 413 550 470; x_wconf 88' lang='lat' dir='ltr'>bic</span> <span class='ocrx_word' id='word_1_24' title='bbox 565 424 621 470; x_wconf 87' lang='lat' dir='ltr'>tam</span> <span class='ocrx_word' id='word_1_25' title='bbox 638 411 668 469; x_wconf 88' lang='lat' dir='ltr'>srt</span> <span class='ocrx_word' id='word_1_26' title='bbox 683 413 827 481; x_wconf 87' lang='lat' dir='ltr'>mirabilis,</span> <span class='ocrx_word' id='word_1_27' title='bbox 847 410 1125 481; x_wconf 52' lang='lat' dir='ltr'>innumerabile-niu</span> 
     </span>
     <span class='ocr_line' id='line_1_5' title="bbox 257 486 1127 562; baseline 0.001 -18"><span class='ocrx_word' id='word_1_28' title='bbox 257 486 323 561; x_wconf 70' lang='lat' dir='ltr'>pr‘a,</span> <span class='ocrx_word' id='word_1_29' title='bbox 343 488 430 557; x_wconf 87' lang='lat' dir='ltr'>infra,</span> <span class='ocrx_word' id='word_1_30' title='bbox 449 487 560 559; x_wconf 81' lang='lat' dir='ltr'>dextra,</span> <span class='ocrx_word' id='word_1_31' title='bbox 579 487 696 558; x_wconf 85' lang='lat' dir='ltr'>sinistra,</span> <span class='ocrx_word' id='word_1_32' title='bbox 716 487 881 562; x_wconf 72' lang='lat' dir='ltr'>antd,pdst,</span> <span class='ocrx_word' id='word_1_33' title='bbox 900 488 969 547; x_wconf 90' lang='lat' dir='ltr'>alios</span> <span class='ocrx_word' id='word_1_34' title='bbox 983 487 1127 555; x_wconf 81' lang='lat' dir='ltr'>diffimiles,</span> 
     </span>
     <span class='ocr_line' id='line_1_6' title="bbox 110 559 1127 640; baseline -0.001 -18"><span class='ocrx_word' id='word_1_35' title='bbox 110 559 235 640; x_wconf 40' lang='lat' dir='ltr'>musumm</span> <span class='ocrx_word' id='word_1_36' title='bbox 258 563 325 622; x_wconf 84' lang='lat' dir='ltr'>alios</span> <span class='ocrx_word' id='word_1_37' title='bbox 340 565 544 639; x_wconf 85' lang='lat' dir='ltr'>ejusdemmodi</span> <span class='ocrx_word' id='word_1_38' title='bbox 558 565 678 623; x_wconf 89' lang='lat' dir='ltr'>mundos</span> <span class='ocrx_word' id='word_1_39' title='bbox 692 561 746 622; x_wconf 80' lang='lat' dir='ltr'>elie</span> <span class='ocrx_word' id='word_1_40' title='bbox 761 563 773 621; x_wconf 86' lang='lat'>?</span> <span class='ocrx_word' id='word_1_41' title='bbox 794 566 847 634; x_wconf 90' lang='lat'>&amp;,</span> <span class='ocrx_word' id='word_1_42' title='bbox 866 576 897 623; x_wconf 88' lang='lat' dir='ltr'>ut</span> <span class='ocrx_word' id='word_1_43' title='bbox 911 583 964 622; x_wconf 91' lang='lat' dir='ltr'>nos</span> <span class='ocrx_word' id='word_1_44' title='bbox 978 581 1062 623; x_wconf 90' lang='lat' dir='ltr'>nunc</span> <span class='ocrx_word' id='word_1_45' title='bbox 1077 562 1127 621; x_wconf 65' lang='lat' dir='ltr'>nb</span> 
     </span>
     <span class='ocr_line' id='line_1_7' title="bbox 108 631 1151 737; baseline 0.004 -40"><span class='ocrx_word' id='word_1_46' title='bbox 108 631 182 737; x_wconf 68' lang='lat' dir='ltr'>‘¹¹⁸2d</span> <span class='ocrx_word' id='word_1_47' title='bbox 260 658 321 697; x_wconf 88' lang='lat' dir='ltr'>mus</span> <span class='ocrx_word' id='word_1_48' title='bbox 335 641 369 698; x_wconf 88' lang='lat' dir='ltr'>ad</span> <span class='ocrx_word' id='word_1_49' title='bbox 385 641 483 699; x_wconf 74' lang='lat' dir='ltr'>bardos</span> <span class='ocrx_word' id='word_1_50' title='bbox 508 642 694 717; x_wconf 86' lang='lat' dir='ltr'>Puteolosque</span> <span class='ocrx_word' id='word_1_51' title='bbox 712 641 895 708; x_wconf 79' lang='lat' dir='ltr'>nuideamus3</span> <span class='ocrx_word' id='word_1_52' title='bbox 916 640 954 697; x_wconf 90' lang='lat' dir='ltr'>fic</span> <span class='ocrx_word' id='word_1_53' title='bbox 969 642 1127 699; x_wconf 87' lang='lat' dir='ltr'>innumera·</span> <span class='ocrx_word' id='word_1_54' title='bbox 1148 696 1151 701; x_wconf 93' lang='lat'><em>.</em></span> 
     </span>
     <span class='ocr_line' id='line_1_8' title="bbox 108 702 1126 802; baseline 0.001 -28"><span class='ocrx_word' id='word_1_55' title='bbox 108 704 166 802; x_wconf 40' lang='grc' dir='ltr'>λζ’</span> <span class='ocrx_word' id='word_1_56' title='bbox 183 702 248 738; x_wconf 68' lang='lat' dir='ltr'>‘mu‘</span> <span class='ocrx_word' id='word_1_57' title='bbox 261 717 327 775; x_wconf 92' lang='lat' dir='ltr'>biles</span> <span class='ocrx_word' id='word_1_58' title='bbox 341 718 447 791; x_wconf 88' lang='lat' dir='ltr'>paribus</span> <span class='ocrx_word' id='word_1_59' title='bbox 460 719 488 775; x_wconf 91' lang='lat' dir='ltr'>in</span> <span class='ocrx_word' id='word_1_60' title='bbox 503 719 570 776; x_wconf 89' lang='lat' dir='ltr'>locis</span> <span class='ocrx_word' id='word_1_61' title='bbox 592 715 645 775; x_wconf 88' lang='lat' dir='ltr'>else</span> <span class='ocrx_word' id='word_1_62' title='bbox 660 759 669 786; x_wconf 93' lang='lat'>,</span> <span class='ocrx_word' id='word_1_63' title='bbox 688 716 793 776; x_wconf 88' lang='lat' dir='ltr'>eisdem</span> <span class='ocrx_word' id='word_1_64' title='bbox 817 716 998 788; x_wconf 86' lang='lat' dir='ltr'>nominibus,</span> <span class='ocrx_word' id='word_1_65' title='bbox 1019 716 1126 775; x_wconf 78' lang='lat' dir='ltr'>honori</span> 
     </span>
     <span class='ocr_line' id='line_1_9' title="bbox 68 788 1126 869; baseline 0 -18"><span class='ocrx_word' id='word_1_66' title='bbox 68 800 72 805; x_wconf 84' lang='lat'>&#39;</span> <span class='ocrx_word' id='word_1_67' title='bbox 153 788 161 802; x_wconf 84' lang='lat'>&#39;</span> <span class='ocrx_word' id='word_1_68' title='bbox 191 814 199 825; x_wconf 73' lang='grc'><strong>’</strong></span> <span class='ocrx_word' id='word_1_69' title='bbox 258 793 331 863; x_wconf 90' lang='lat' dir='ltr'>bus,</span> <span class='ocrx_word' id='word_1_70' title='bbox 350 796 427 852; x_wconf 88' lang='lat' dir='ltr'>rebus</span> <span class='ocrx_word' id='word_1_71' title='bbox 441 794 540 869; x_wconf 84' lang='lat' dir='ltr'>gellis,</span> <span class='ocrx_word' id='word_1_72' title='bbox 560 795 699 869; x_wconf 85' lang='lat' dir='ltr'>ingeniis,</span> <span class='ocrx_word' id='word_1_73' title='bbox 719 795 833 863; x_wconf 89' lang='lat' dir='ltr'>formis,</span> <span class='ocrx_word' id='word_1_74' title='bbox 854 794 1008 861; x_wconf 79' lang='lat' dir='ltr'>aetatibus,</span> <span class='ocrx_word' id='word_1_75' title='bbox 1032 792 1126 853; x_wconf 79' lang='lat' dir='ltr'>eisdem</span> 
     </span>
     <span class='ocr_line' id='line_1_10' title="bbox 260 868 1127 945; baseline -0.001 -16"><span class='ocrx_word' id='word_1_76' title='bbox 260 870 388 929; x_wconf 86' lang='lat' dir='ltr'>derebus</span> <span class='ocrx_word' id='word_1_77' title='bbox 408 868 596 945; x_wconf 81' lang='lat' dir='ltr'>disputantes?</span> <span class='ocrx_word' id='word_1_78' title='bbox 616 873 670 938; x_wconf 79' lang='lat' dir='ltr'>dc,</span> <span class='ocrx_word' id='word_1_79' title='bbox 692 871 711 928; x_wconf 87' lang='lat' dir='ltr'>fi</span> <span class='ocrx_word' id='word_1_80' title='bbox 730 888 829 939; x_wconf 90' lang='lat' dir='ltr'>nunc,</span> <span class='ocrx_word' id='word_1_81' title='bbox 849 883 895 928; x_wconf 85' lang='lat' dir='ltr'>aut</span> <span class='ocrx_word' id='word_1_82' title='bbox 915 869 936 926; x_wconf 87' lang='lat' dir='ltr'>fi</span> <span class='ocrx_word' id='word_1_83' title='bbox 959 870 1053 928; x_wconf 85' lang='lat' dir='ltr'>etiam</span> <span class='ocrx_word' id='word_1_84' title='bbox 1074 870 1127 928; x_wconf 88' lang='lat' dir='ltr'>dor·</span> 
     </span>
     <span class='ocr_line' id='line_1_11' title="bbox 235 946 1128 1022; baseline 0 -17"><span class='ocrx_word' id='word_1_85' title='bbox 235 946 237 951; x_wconf 80' lang='lat'>&#39;</span> <span class='ocrx_word' id='word_1_86' title='bbox 260 949 377 1005; x_wconf 88' lang='lat' dir='ltr'>mientes</span> <span class='ocrx_word' id='word_1_87' title='bbox 391 946 493 1022; x_wconf 90' lang='lat' dir='ltr'>aliquid</span> <span class='ocrx_word' id='word_1_88' title='bbox 506 950 601 1005; x_wconf 87' lang='lat' dir='ltr'>animo</span> <span class='ocrx_word' id='word_1_89' title='bbox 610 946 703 1004; x_wconf 84' lang='lat' dir='ltr'>videre</span> <span class='ocrx_word' id='word_1_90' title='bbox 718 946 1128 1019; x_wconf 85' lang='lat' dir='ltr'>videamur,imaginesextrin·</span> 
     </span>
     <span class='ocr_line' id='line_1_12' title="bbox 128 1008 1128 1098; baseline -0.002 -17"><span class='ocrx_word' id='word_1_91' title='bbox 128 1065 131 1070; x_wconf 87' lang='lat'><em>-</em></span> <span class='ocrx_word' id='word_1_92' title='bbox 181 1008 249 1098; x_wconf 51' lang='lat'>‚12⁶</span> <span class='ocrx_word' id='word_1_93' title='bbox 260 1022 334 1081; x_wconf 85' lang='lat' dir='ltr'>secus</span> <span class='ocrx_word' id='word_1_94' title='bbox 347 1025 375 1081; x_wconf 91' lang='lat' dir='ltr'>in</span> <span class='ocrx_word' id='word_1_95' title='bbox 390 1024 497 1081; x_wconf 89' lang='lat' dir='ltr'>animos</span> <span class='ocrx_word' id='word_1_96' title='bbox 512 1024 617 1082; x_wconf 87' lang='lat' dir='ltr'>nollros</span> <span class='ocrx_word' id='word_1_97' title='bbox 632 1042 679 1098; x_wconf 89' lang='lat' dir='ltr'>per</span> <span class='ocrx_word' id='word_1_98' title='bbox 694 1040 793 1097; x_wconf 91' lang='lat' dir='ltr'>corpus</span> <span class='ocrx_word' id='word_1_99' title='bbox 816 1024 969 1097; x_wconf 85' lang='lat' dir='ltr'>irrumpere</span> <span class='ocrx_word' id='word_1_100' title='bbox 987 1020 1001 1078; x_wconf 85' lang='lat'>?</span> <span class='ocrx_word' id='word_1_101' title='bbox 1025 1023 1077 1081; x_wconf 92' lang='lat' dir='ltr'>Tu</span> <span class='ocrx_word' id='word_1_102' title='bbox 1089 1038 1128 1079; x_wconf 88' lang='lat' dir='ltr'>ve·</span> 
     </span>
     <span class='ocr_line' id='line_1_13' title="bbox 111 1086 1127 1197; baseline -0.002 -40"><span class='ocrx_word' id='word_1_103' title='bbox 111 1086 223 1197; x_wconf 43' lang='lat' dir='ltr'>2⁰⁰¹(st</span> <span class='ocrx_word' id='word_1_104' title='bbox 260 1100 293 1157; x_wconf 83' lang='lat' dir='ltr'>rb</span> <span class='ocrx_word' id='word_1_105' title='bbox 308 1100 376 1156; x_wconf 86' lang='lat' dir='ltr'>⁰illa</span> <span class='ocrx_word' id='word_1_106' title='bbox 397 1117 433 1157; x_wconf 90' lang='lat' dir='ltr'>ne</span> <span class='ocrx_word' id='word_1_107' title='bbox 454 1099 600 1166; x_wconf 82' lang='lat' dir='ltr'>asciveris,</span> <span class='ocrx_word' id='word_1_108' title='bbox 621 1118 693 1158; x_wconf 91' lang='lat' dir='ltr'>neve</span> <span class='ocrx_word' id='word_1_109' title='bbox 722 1100 803 1157; x_wconf 83' lang='lat' dir='ltr'>fueris</span> <span class='ocrx_word' id='word_1_110' title='bbox 824 1098 1038 1157; x_wconf 80' lang='lat' dir='ltr'>commenticiis</span> <span class='ocrx_word' id='word_1_111' title='bbox 1059 1096 1127 1156; x_wconf 82' lang='lat' dir='ltr'>rebus</span> 
     </span>
     <span class='ocr_line' id='line_1_14' title="bbox 144 1154 1129 1261; baseline -0.002 -28"><span class='ocrx_word' id='word_1_112' title='bbox 144 1154 215 1261; x_wconf 45' lang='lat' dir='ltr'>Sim</span> <span class='ocrx_word' id='word_1_113' title='bbox 264 1173 385 1234; x_wconf 72' lang='lat' dir='ltr'>assensus.</span> <span class='ocrx_word' id='word_1_114' title='bbox 423 1176 490 1234; x_wconf 89' lang='lat' dir='ltr'>nibil</span> <span class='ocrx_word' id='word_1_115' title='bbox 510 1176 606 1234; x_wconf 87' lang='lat' dir='ltr'>sentire</span> <span class='ocrx_word' id='word_1_116' title='bbox 625 1177 663 1233; x_wconf 88' lang='lat' dir='ltr'>est</span> <span class='ocrx_word' id='word_1_117' title='bbox 695 1176 792 1233; x_wconf 85' lang='lat' dir='ltr'>melius</span> <span class='ocrx_word' id='word_1_118' title='bbox 818 1174 903 1251; x_wconf 77' lang='lat' dir='ltr'>quim</span> <span class='ocrx_word' id='word_1_119' title='bbox 934 1187 996 1234; x_wconf 85' lang='lat' dir='ltr'>tam</span> <span class='ocrx_word' id='word_1_120' title='bbox 1028 1186 1129 1251; x_wconf 66' lang='lat' dir='ltr'>aptare</span> 
     </span>
     <span class='ocr_line' id='line_1_15' title="bbox 111 1227 1128 1339; baseline 0 -30"><span class='ocrx_word' id='word_1_121' title='bbox 111 1227 191 1339; x_wconf 51' lang='lat' dir='ltr'>gfff,</span> <span class='ocrx_word' id='word_1_122' title='bbox 233 1256 237 1265; x_wconf 94' lang='grc'><strong>’</strong></span> <span class='ocrx_word' id='word_1_123' title='bbox 263 1251 368 1311; x_wconf 81' lang='lat' dir='ltr'>sentire.</span> <span class='ocrx_word' id='word_1_124' title='bbox 407 1253 475 1311; x_wconf 92' lang='lat' dir='ltr'>Non</span> <span class='ocrx_word' id='word_1_125' title='bbox 496 1270 562 1327; x_wconf 87' lang='lat' dir='ltr'>ergo</span> <span class='ocrx_word' id='word_1_126' title='bbox 581 1253 610 1311; x_wconf 90' lang='lat' dir='ltr'>id</span> <span class='ocrx_word' id='word_1_127' title='bbox 630 1254 740 1327; x_wconf 87' lang='lat' dir='ltr'>agitur,</span> <span class='ocrx_word' id='word_1_128' title='bbox 766 1264 797 1310; x_wconf 92' lang='lat' dir='ltr'>ut</span> <span class='ocrx_word' id='word_1_129' title='bbox 817 1250 916 1328; x_wconf 90' lang='lat' dir='ltr'>aliquid</span> <span class='ocrx_word' id='word_1_130' title='bbox 938 1248 1050 1311; x_wconf 78' lang='lat' dir='ltr'>offensu</span> <span class='ocrx_word' id='word_1_131' title='bbox 1071 1266 1128 1309; x_wconf 86' lang='lat' dir='ltr'>meo</span> 
     </span>
     <span class='ocr_line' id='line_1_16' title="bbox 265 1328 1130 1404; baseline 0 -19"><span class='ocrx_word' id='word_1_132' title='bbox 265 1330 458 1402; x_wconf 91' lang='lat' dir='ltr'>comprobem.</span> <span class='ocrx_word' id='word_1_133' title='bbox 495 1348 559 1404; x_wconf 86' lang='lat' dir='ltr'>quae</span> <span class='ocrx_word' id='word_1_134' title='bbox 572 1341 602 1386; x_wconf 89' lang='lat' dir='ltr'>tu</span> <span class='ocrx_word' id='word_1_135' title='bbox 617 1330 705 1398; x_wconf 90' lang='lat' dir='ltr'>vide,</span> <span class='ocrx_word' id='word_1_136' title='bbox 725 1346 761 1387; x_wconf 90' lang='lat' dir='ltr'>ne</span> <span class='ocrx_word' id='word_1_137' title='bbox 775 1329 950 1402; x_wconf 88' lang='lat' dir='ltr'>impudenter</span> <span class='ocrx_word' id='word_1_138' title='bbox 972 1328 1065 1387; x_wconf 86' lang='lat' dir='ltr'>etiam</span> <span class='ocrx_word' id='word_1_139' title='bbox 1087 1344 1130 1403; x_wconf 81' lang='lat' dir='ltr'>po</span> 
     </span>
     <span class='ocr_line' id='line_1_17' title="bbox 265 1403 1130 1480; baseline 0.001 -20"><span class='ocrx_word' id='word_1_140' title='bbox 265 1404 368 1472; x_wconf 86' lang='lat' dir='ltr'>llules,</span> <span class='ocrx_word' id='word_1_141' title='bbox 388 1422 445 1463; x_wconf 92' lang='lat' dir='ltr'>non</span> <span class='ocrx_word' id='word_1_142' title='bbox 458 1404 546 1465; x_wconf 78' lang='lat' dir='ltr'>foliam</span> <span class='ocrx_word' id='word_1_143' title='bbox 561 1416 716 1480; x_wconf 81' lang='lat' dir='ltr'>arroganter</span> <span class='ocrx_word' id='word_1_144' title='bbox 733 1448 741 1474; x_wconf 97' lang='lat'>,</span> <span class='ocrx_word' id='word_1_145' title='bbox 761 1405 908 1479; x_wconf 86' lang='lat' dir='ltr'>praelerrim</span> <span class='ocrx_word' id='word_1_146' title='bbox 931 1403 1001 1463; x_wconf 80' lang='lat' dir='ltr'>edm</span> <span class='ocrx_word' id='word_1_147' title='bbox 1024 1405 1073 1463; x_wconf 89' lang='lat' dir='ltr'>ista</span> <span class='ocrx_word' id='word_1_148' title='bbox 1092 1416 1130 1461; x_wconf 84' lang='lat' dir='ltr'>tua</span> 
     </span>
     <span class='ocr_line' id='line_1_18' title="bbox 264 1480 1131 1557; baseline -0.005 -17"><span class='ocrx_word' id='word_1_149' title='bbox 264 1482 333 1540; x_wconf 90' lang='lat' dir='ltr'>mihi</span> <span class='ocrx_word' id='word_1_150' title='bbox 348 1500 384 1539; x_wconf 90' lang='lat' dir='ltr'>ne</span> <span class='ocrx_word' id='word_1_151' title='bbox 398 1481 543 1557; x_wconf 80' lang='lat' dir='ltr'>probabilia</span> <span class='ocrx_word' id='word_1_152' title='bbox 558 1484 669 1556; x_wconf 87' lang='lat' dir='ltr'>quidem</span> <span class='ocrx_word' id='word_1_153' title='bbox 685 1481 836 1540; x_wconf 88' lang='lat' dir='ltr'>videantur.</span> <span class='ocrx_word' id='word_1_154' title='bbox 868 1497 921 1538; x_wconf 90' lang='lat' dir='ltr'>nec</span> <span class='ocrx_word' id='word_1_155' title='bbox 935 1482 1018 1539; x_wconf 89' lang='lat' dir='ltr'>enim</span> <span class='ocrx_word' id='word_1_156' title='bbox 1033 1480 1131 1539; x_wconf 84' lang='lat' dir='ltr'>diuina-</span> 
     </span>
     <span class='ocr_line' id='line_1_19' title="bbox 265 1554 1131 1633; baseline 0 -18"><span class='ocrx_word' id='word_1_157' title='bbox 265 1560 391 1626; x_wconf 91' lang='lat' dir='ltr'>tionem,</span> <span class='ocrx_word' id='word_1_158' title='bbox 418 1576 501 1633; x_wconf 91' lang='lat' dir='ltr'>quam</span> <span class='ocrx_word' id='word_1_159' title='bbox 514 1561 649 1633; x_wconf 84' lang='lat' dir='ltr'>probatis,</span> <span class='ocrx_word' id='word_1_160' title='bbox 670 1559 751 1616; x_wconf 91' lang='lat' dir='ltr'>ullam</span> <span class='ocrx_word' id='word_1_161' title='bbox 767 1555 821 1615; x_wconf 83' lang='lat' dir='ltr'>elle</span> <span class='ocrx_word' id='word_1_162' title='bbox 835 1557 964 1615; x_wconf 87' lang='lat' dir='ltr'>arbitror:</span> <span class='ocrx_word' id='word_1_163' title='bbox 988 1554 1131 1633; x_wconf 80' lang='lat' dir='ltr'>fatumque</span> 
     </span>
     <span class='ocr_line' id='line_1_20' title="bbox 120 1632 1132 1713; baseline -0.003 -21"><span class='ocrx_word' id='word_1_164' title='bbox 120 1632 332 1713; x_wconf 24' lang='lat' dir='ltr'>‘lxm-illud</span> <span class='ocrx_word' id='word_1_165' title='bbox 347 1637 447 1703; x_wconf 91' lang='lat' dir='ltr'>etiam,</span> <span class='ocrx_word' id='word_1_166' title='bbox 465 1653 523 1711; x_wconf 90' lang='lat' dir='ltr'>quo</span> <span class='ocrx_word' id='word_1_167' title='bbox 538 1637 633 1694; x_wconf 85' lang='lat' dir='ltr'>omnia</span> <span class='ocrx_word' id='word_1_168' title='bbox 647 1635 782 1694; x_wconf 82' lang='lat' dir='ltr'>contineri</span> <span class='ocrx_word' id='word_1_169' title='bbox 795 1633 898 1703; x_wconf 91' lang='lat' dir='ltr'>dicitis,</span> <span class='ocrx_word' id='word_1_170' title='bbox 913 1644 1086 1693; x_wconf 88' lang='lat' dir='ltr'>contemno.</span> <span class='ocrx_word' id='word_1_171' title='bbox 1103 1646 1132 1691; x_wconf 84' lang='lat' dir='ltr'>ne</span> 
     </span>
     <span class='ocr_line' id='line_1_21' title="bbox 267 1706 1132 1787; baseline 0 -19"><span class='ocrx_word' id='word_1_172' title='bbox 267 1710 470 1768; x_wconf 85' lang='lat' dir='ltr'>exaedificatum</span> <span class='ocrx_word' id='word_1_173' title='bbox 499 1712 612 1787; x_wconf 89' lang='lat' dir='ltr'>quidem</span> <span class='ocrx_word' id='word_1_174' title='bbox 641 1711 715 1768; x_wconf 92' lang='lat' dir='ltr'>hunc</span> <span class='ocrx_word' id='word_1_175' title='bbox 737 1710 874 1769; x_wconf 90' lang='lat' dir='ltr'>mundum</span> <span class='ocrx_word' id='word_1_176' title='bbox 899 1708 1001 1769; x_wconf 89' lang='lat' dir='ltr'>divino</span> <span class='ocrx_word' id='word_1_177' title='bbox 1023 1706 1132 1768; x_wconf 84' lang='lat' dir='ltr'>consilio</span> 
     </span>
     <span class='ocr_line' id='line_1_22' title="bbox 269 1785 856 1862; baseline 0 -18"><span class='ocrx_word' id='word_1_178' title='bbox 269 1787 403 1845; x_wconf 82' lang='lat' dir='ltr'>existimo.</span> <span class='ocrx_word' id='word_1_179' title='bbox 441 1800 523 1862; x_wconf 86' lang='lat' dir='ltr'>atque</span> <span class='ocrx_word' id='word_1_180' title='bbox 536 1788 609 1845; x_wconf 87' lang='lat' dir='ltr'>haud</span> <span class='ocrx_word' id='word_1_181' title='bbox 622 1787 695 1855; x_wconf 91' lang='lat' dir='ltr'>scio,</span> <span class='ocrx_word' id='word_1_182' title='bbox 715 1805 750 1845; x_wconf 82' lang='lat' dir='ltr'>an</span> <span class='ocrx_word' id='word_1_183' title='bbox 763 1789 799 1844; x_wconf 89' lang='lat' dir='ltr'>ita</span> <span class='ocrx_word' id='word_1_184' title='bbox 815 1785 856 1861; x_wconf 79' lang='lat' dir='ltr'>fit.</span> 
     </span>
    </p>

    <p class='ocr_par' dir='ltr' id='par_1_3' title="bbox 268 1860 1136 2243">
     <span class='ocr_line' id='line_1_23' title="bbox 306 1860 1133 1938; baseline -0.004 -16"><span class='ocrx_word' id='word_1_185' title='bbox 306 1862 385 1922; x_wconf 83' lang='lat' dir='ltr'>XLl‘.</span> <span class='ocrx_word' id='word_1_186' title='bbox 402 1863 473 1921; x_wconf 79' lang='lat' dir='ltr'>Sno</span> <span class='ocrx_word' id='word_1_187' title='bbox 495 1882 569 1922; x_wconf 86' lang='lat' dir='ltr'>cun</span> <span class='ocrx_word' id='word_1_188' title='bbox 590 1865 678 1938; x_wconf 87' lang='lat' dir='ltr'>rapior</span> <span class='ocrx_word' id='word_1_189' title='bbox 693 1866 721 1922; x_wconf 96' lang='lat' dir='ltr'>in</span> <span class='ocrx_word' id='word_1_190' title='bbox 735 1860 888 1922; x_wconf 82' lang='lat' dir='ltr'>invidiam?</span> <span class='ocrx_word' id='word_1_191' title='bbox 906 1861 1012 1921; x_wconf 89' lang='lat' dir='ltr'>licetne</span> <span class='ocrx_word' id='word_1_192' title='bbox 1026 1877 1080 1937; x_wconf 87' lang='lat' dir='ltr'>per</span> <span class='ocrx_word' id='word_1_193' title='bbox 1092 1874 1133 1919; x_wconf 76' lang='lat' dir='ltr'>vos</span> 
     </span>
     <span class='ocr_line' id='line_1_24' title="bbox 268 1936 1133 2015; baseline -0.005 -15"><span class='ocrx_word' id='word_1_194' title='bbox 268 1940 389 2009; x_wconf 85' lang='lat' dir='ltr'>nescire,</span> <span class='ocrx_word' id='word_1_195' title='bbox 409 1939 485 2015; x_wconf 87' lang='lat' dir='ltr'>qnod</span> <span class='ocrx_word' id='word_1_196' title='bbox 498 1939 653 1999; x_wconf 86' lang='lat' dir='ltr'>nelci0?an</span> <span class='ocrx_word' id='word_1_197' title='bbox 668 1939 764 2001; x_wconf 86' lang='lat' dir='ltr'>Stoicis</span> <span class='ocrx_word' id='word_1_198' title='bbox 777 1938 837 2013; x_wconf 85' lang='lat' dir='ltr'>ipsis</span> <span class='ocrx_word' id='word_1_199' title='bbox 852 1940 921 1996; x_wconf 88' lang='lat' dir='ltr'>inter</span> <span class='ocrx_word' id='word_1_200' title='bbox 935 1936 962 1995; x_wconf 88' lang='lat' dir='ltr'>se</span> <span class='ocrx_word' id='word_1_201' title='bbox 977 1938 1133 2013; x_wconf 81' lang='lat' dir='ltr'>disceptare.</span> 
     </span>
     <span class='ocr_line' id='line_1_25' title="bbox 269 2010 1133 2089; baseline -0.005 -14"><span class='ocrx_word' id='word_1_202' title='bbox 269 2018 340 2075; x_wconf 89' lang='lat' dir='ltr'>mibi</span> <span class='ocrx_word' id='word_1_203' title='bbox 354 2032 418 2074; x_wconf 91' lang='lat' dir='ltr'>cum</span> <span class='ocrx_word' id='word_1_204' title='bbox 432 2018 463 2074; x_wconf 90' lang='lat' dir='ltr'>iis</span> <span class='ocrx_word' id='word_1_205' title='bbox 476 2035 535 2075; x_wconf 91' lang='lat' dir='ltr'>non</span> <span class='ocrx_word' id='word_1_206' title='bbox 550 2016 661 2075; x_wconf 87' lang='lat' dir='ltr'>licebit?</span> <span class='ocrx_word' id='word_1_207' title='bbox 681 2016 791 2074; x_wconf 88' lang='lat' dir='ltr'>Zenoni</span> <span class='ocrx_word' id='word_1_208' title='bbox 817 2018 846 2073; x_wconf 79' lang='grc' dir='ltr'><strong>δι</strong></span> <span class='ocrx_word' id='word_1_209' title='bbox 864 2014 973 2089; x_wconf 87' lang='lat' dir='ltr'>reliquis</span> <span class='ocrx_word' id='word_1_210' title='bbox 991 2012 1053 2072; x_wconf 75' lang='lat' dir='ltr'>fere</span> <span class='ocrx_word' id='word_1_211' title='bbox 1071 2010 1133 2072; x_wconf 87' lang='lat' dir='ltr'>Stoi·</span> 
     </span>
     <span class='ocr_line' id='line_1_26' title="bbox 268 2082 1136 2164; baseline -0.006 -13"><span class='ocrx_word' id='word_1_212' title='bbox 268 2095 307 2152; x_wconf 86' lang='lat' dir='ltr'>cis</span> <span class='ocrx_word' id='word_1_213' title='bbox 321 2093 407 2151; x_wconf 85' lang='lat' dir='ltr'>aether</span> <span class='ocrx_word' id='word_1_214' title='bbox 427 2093 535 2151; x_wconf 86' lang='lat' dir='ltr'>videtur</span> <span class='ocrx_word' id='word_1_215' title='bbox 556 2093 678 2150; x_wconf 89' lang='lat' dir='ltr'>summus</span> <span class='ocrx_word' id='word_1_216' title='bbox 699 2092 764 2150; x_wconf 88' lang='lat' dir='ltr'>deus</span> <span class='ocrx_word' id='word_1_217' title='bbox 780 2135 789 2161; x_wconf 92' lang='lat'>,</span> <span class='ocrx_word' id='word_1_218' title='bbox 809 2103 902 2149; x_wconf 88' lang='lat' dir='ltr'>mente</span> <span class='ocrx_word' id='word_1_219' title='bbox 917 2089 1072 2164; x_wconf 83' lang='lat' dir='ltr'>praeditus,</span> <span class='ocrx_word' id='word_1_220' title='bbox 1090 2082 1136 2164; x_wconf 81' lang='lat' dir='ltr'>qul</span> 
     </span>
     <span class='ocr_line' id='line_1_27' title="bbox 268 2162 1134 2243; baseline -0.006 -15"><span class='ocrx_word' id='word_1_221' title='bbox 268 2171 363 2228; x_wconf 89' lang='lat' dir='ltr'>omnia</span> <span class='ocrx_word' id='word_1_222' title='bbox 386 2180 520 2242; x_wconf 84' lang='lat' dir='ltr'>regantur.</span> <span class='ocrx_word' id='word_1_223' title='bbox 559 2169 731 2238; x_wconf 88' lang='lat' dir='ltr'>Cleanthes,</span> <span class='ocrx_word' id='word_1_224' title='bbox 757 2169 805 2243; x_wconf 92' lang='lat' dir='ltr'>qui</span> <span class='ocrx_word' id='word_1_225' title='bbox 832 2166 907 2243; x_wconf 83' lang='lat' dir='ltr'>quasi</span> <span class='ocrx_word' id='word_1_226' title='bbox 929 2166 1076 2242; x_wconf 85' lang='lat' dir='ltr'>majorum</span> <span class='ocrx_word' id='word_1_227' title='bbox 1105 2162 1134 2223; x_wconf 80' lang='lat' dir='ltr'>ol</span> 
     </span>
    </p>

    <p class='ocr_par' dir='ltr' id='par_1_4' title="bbox 243 2238 1136 2543">
     <span class='ocr_line' id='line_1_28' title="bbox 243 2238 1135 2321; baseline -0.001 -17"><span class='ocrx_word' id='word_1_228' title='bbox 243 2252 246 2259; x_wconf 86' lang='lat'>&#39;</span> <span class='ocrx_word' id='word_1_229' title='bbox 267 2247 392 2321; x_wconf 81' lang='lat' dir='ltr'>gentium</span> <span class='ocrx_word' id='word_1_230' title='bbox 409 2245 538 2314; x_wconf 91' lang='lat' dir='ltr'>Stoicus,</span> <span class='ocrx_word' id='word_1_231' title='bbox 564 2244 687 2303; x_wconf 85' lang='lat' dir='ltr'>Zenonis</span> <span class='ocrx_word' id='word_1_232' title='bbox 713 2245 843 2313; x_wconf 86' lang='lat' dir='ltr'>auditor,</span> <span class='ocrx_word' id='word_1_233' title='bbox 883 2242 977 2301; x_wconf 89' lang='lat' dir='ltr'>Solem</span> <span class='ocrx_word' id='word_1_234' title='bbox 1000 2238 1135 2321; x_wconf 77' lang='lat' dir='ltr'>dominatl</span> 
     </span>
     <span class='ocr_line' id='line_1_29' title="bbox 269 2314 1135 2397; baseline -0.007 -17"><span class='ocrx_word' id='word_1_235' title='bbox 269 2324 299 2380; x_wconf 70' lang='grc' dir='ltr'><strong>δι</strong></span> <span class='ocrx_word' id='word_1_236' title='bbox 322 2338 413 2379; x_wconf 89' lang='lat' dir='ltr'>rerum</span> <span class='ocrx_word' id='word_1_237' title='bbox 433 2322 517 2395; x_wconf 88' lang='lat' dir='ltr'>potiri</span> <span class='ocrx_word' id='word_1_238' title='bbox 537 2334 622 2396; x_wconf 86' lang='lat' dir='ltr'>putat.</span> <span class='ocrx_word' id='word_1_239' title='bbox 659 2326 751 2397; x_wconf 88' lang='lat' dir='ltr'>itaque</span> <span class='ocrx_word' id='word_1_240' title='bbox 771 2320 898 2394; x_wconf 86' lang='lat' dir='ltr'>cogimur</span> <span class='ocrx_word' id='word_1_241' title='bbox 918 2316 1089 2385; x_wconf 85' lang='lat' dir='ltr'>diffenlione</span> <span class='ocrx_word' id='word_1_242' title='bbox 1104 2314 1135 2374; x_wconf 80' lang='lat' dir='ltr'>sa·</span> 
     </span>
     <span class='ocr_line' id='line_1_30' title="bbox 268 2396 1136 2473; baseline -0.003 -19"><span class='ocrx_word' id='word_1_243' title='bbox 268 2399 394 2473; x_wconf 92' lang='lat' dir='ltr'>pientum</span> <span class='ocrx_word' id='word_1_244' title='bbox 422 2398 569 2456; x_wconf 91' lang='lat' dir='ltr'>dominum</span> <span class='ocrx_word' id='word_1_245' title='bbox 597 2399 720 2456; x_wconf 90' lang='lat' dir='ltr'>nostrum</span> <span class='ocrx_word' id='word_1_246' title='bbox 734 2399 882 2472; x_wconf 84' lang='lat' dir='ltr'>ignorare:</span> <span class='ocrx_word' id='word_1_247' title='bbox 903 2396 1008 2471; x_wconf 89' lang='lat' dir='ltr'>quippe</span> <span class='ocrx_word' id='word_1_248' title='bbox 1021 2397 1075 2473; x_wconf 90' lang='lat' dir='ltr'>qui</span> <span class='ocrx_word' id='word_1_249' title='bbox 1095 2408 1136 2453; x_wconf 86' lang='lat' dir='ltr'>ne·</span> 
     </span>
     <span class='ocr_line' id='line_1_31' title="bbox 269 2471 1135 2543; baseline -0.005 -12"><span class='ocrx_word' id='word_1_250' title='bbox 269 2473 408 2543; x_wconf 89' lang='lat' dir='ltr'>sciamus,</span> <span class='ocrx_word' id='word_1_251' title='bbox 450 2474 506 2532; x_wconf 91' lang='lat' dir='ltr'>Soli</span> <span class='ocrx_word' id='word_1_252' title='bbox 539 2492 575 2532; x_wconf 90' lang='lat' dir='ltr'>an</span> <span class='ocrx_word' id='word_1_253' title='bbox 595 2474 705 2533; x_wconf 86' lang='lat' dir='ltr'>AEtheri</span> <span class='ocrx_word' id='word_1_254' title='bbox 724 2473 879 2532; x_wconf 86' lang='lat' dir='ltr'>serviamus.</span> <span class='ocrx_word' id='word_1_255' title='bbox 916 2472 947 2525; x_wconf 82' lang='lat'>⁶⁹</span> <span class='ocrx_word' id='word_1_256' title='bbox 955 2471 1026 2530; x_wconf 91' lang='lat' dir='ltr'>Solis</span> <span class='ocrx_word' id='word_1_257' title='bbox 1048 2481 1135 2531; x_wconf 86' lang='lat' dir='ltr'>auten</span> 
     </span>
    </p>
   </div>
   <div class='ocr_carea' id='block_1_3' title="bbox 1086 2562 1138 2606">
    <p class='ocr_par' dir='ltr' id='par_1_5' title="bbox 1086 2562 1138 2606">
     <span class='ocr_line' id='line_1_32' title="bbox 1086 2562 1138 2606; baseline -0.019 0"><span class='ocrx_word' id='word_1_258' title='bbox 1086 2562 1138 2606; x_wconf 67' lang='lat' dir='ltr'>md·</span> 
     </span>
    </p>
   </div>
   <div class='ocr_carea' id='block_1_4' title="bbox 272 2716 1151 3538">
    <p class='ocr_par' dir='ltr' id='par_1_6' title="bbox 272 2716 1151 3538">
     <span class='ocr_line' id='line_1_33' title="bbox 277 2716 1138 2782; baseline 0 -15"><span class='ocrx_word' id='word_1_259' title='bbox 277 2720 280 2725; x_wconf 86' lang='grc'><strong>’</strong></span> <span class='ocrx_word' id='word_1_260' title='bbox 302 2730 340 2774; x_wconf 78' lang='lat'>69.</span> <span class='ocrx_word' id='word_1_261' title='bbox 357 2722 495 2766; x_wconf 72' lang='lat' dir='ltr'>salisam</span> <span class='ocrx_word' id='word_1_262' title='bbox 506 2721 697 2782; x_wconf 64' lang='lat' dir='ltr'>megenardum]</span> <span class='ocrx_word' id='word_1_263' title='bbox 734 2723 792 2767; x_wconf 80' lang='lat' dir='ltr'>Non</span> <span class='ocrx_word' id='word_1_264' title='bbox 811 2718 883 2767; x_wconf 75' lang='lat' dir='ltr'>aufim</span> <span class='ocrx_word' id='word_1_265' title='bbox 900 2716 941 2765; x_wconf 82' lang='lat' dir='ltr'>hic</span> <span class='ocrx_word' id='word_1_266' title='bbox 957 2716 1066 2777; x_wconf 78' lang='lat' dir='ltr'>addere,</span> <span class='ocrx_word' id='word_1_267' title='bbox 1082 2718 1138 2767; x_wconf 68' lang='lat' dir='ltr'>ut?-</span> 
     </span>
     <span class='ocr_line' id='line_1_34' title="bbox 272 2779 1140 2845; baseline -0.001 -13"><span class='ocrx_word' id='word_1_268' title='bbox 272 2784 394 2832; x_wconf 84' lang='lat' dir='ltr'>Manotius</span> <span class='ocrx_word' id='word_1_269' title='bbox 406 2783 479 2837; x_wconf 88' lang='lat' dir='ltr'>olim,</span> <span class='ocrx_word' id='word_1_270' title='bbox 495 2783 559 2840; x_wconf 84' lang='lat' dir='ltr'>cujus</span> <span class='ocrx_word' id='word_1_271' title='bbox 570 2784 728 2839; x_wconf 73' lang='lat' dir='ltr'>conjebinram</span> <span class='ocrx_word' id='word_1_272' title='bbox 740 2796 828 2830; x_wconf 85' lang='lat' dir='ltr'>certam</span> <span class='ocrx_word' id='word_1_273' title='bbox 844 2779 890 2830; x_wconf 80' lang='lat' dir='ltr'>effe</span> <span class='ocrx_word' id='word_1_274' title='bbox 907 2780 1041 2828; x_wconf 86' lang='lat' dir='ltr'>Lambinus</span> <span class='ocrx_word' id='word_1_275' title='bbox 1056 2790 1140 2845; x_wconf 80' lang='lat' dir='ltr'>putat,</span> 
     </span>
     <span class='ocr_line' id='line_1_35' title="bbox 273 2842 1141 2908; baseline -0.005 -13"><span class='ocrx_word' id='word_1_276' title='bbox 273 2847 375 2896; x_wconf 67' lang='lat' dir='ltr'>haecttla</span> <span class='ocrx_word' id='word_1_277' title='bbox 392 2843 478 2901; x_wconf 73' lang='lat' dir='ltr'>verba,</span> <span class='ocrx_word' id='word_1_278' title='bbox 493 2861 559 2908; x_wconf 83' lang='lat' dir='ltr'>quam</span> <span class='ocrx_word' id='word_1_279' title='bbox 575 2848 659 2906; x_wconf 75' lang='lat' dir='ltr'>obftura</span> <span class='ocrx_word' id='word_1_280' title='bbox 673 2846 708 2903; x_wconf 72' lang='lat' dir='ltr'>est.</span> <span class='ocrx_word' id='word_1_281' title='bbox 730 2859 784 2891; x_wconf 84' lang='lat' dir='ltr'>cum</span> <span class='ocrx_word' id='word_1_282' title='bbox 800 2843 926 2906; x_wconf 72' lang='lat' dir='ltr'>ptaelettim</span> <span class='ocrx_word' id='word_1_283' title='bbox 940 2856 971 2891; x_wconf 77' lang='lat' dir='ltr'>ne</span> <span class='ocrx_word' id='word_1_284' title='bbox 990 2845 1034 2893; x_wconf 76' lang='lat' dir='ltr'>illa</span> <span class='ocrx_word' id='word_1_285' title='bbox 1046 2842 1141 2906; x_wconf 60' lang='lat' dir='ltr'>quidm</span> 
     </span>
     <span class='ocr_line' id='line_1_36' title="bbox 275 2904 1142 2967; baseline -0.003 -9"><span class='ocrx_word' id='word_1_286' title='bbox 275 2908 406 2959; x_wconf 84' lang='lat' dir='ltr'>aceeffione</span> <span class='ocrx_word' id='word_1_287' title='bbox 416 2908 479 2955; x_wconf 74' lang='lat' dir='ltr'>sabla</span> <span class='ocrx_word' id='word_1_288' title='bbox 489 2907 594 2955; x_wconf 85' lang='lat' dir='ltr'>constent</span> <span class='ocrx_word' id='word_1_289' title='bbox 606 2921 689 2957; x_wconf 85' lang='lat' dir='ltr'>cereta.</span> <span class='ocrx_word' id='word_1_290' title='bbox 722 2912 775 2955; x_wconf 81' lang='lat' dir='ltr'>Hoc</span> <span class='ocrx_word' id='word_1_291' title='bbox 786 2905 852 2967; x_wconf 85' lang='lat' dir='ltr'>spero</span> <span class='ocrx_word' id='word_1_292' title='bbox 864 2922 916 2963; x_wconf 88' lang='lat' dir='ltr'>me,</span> <span class='ocrx_word' id='word_1_293' title='bbox 933 2905 989 2955; x_wconf 79' lang='lat' dir='ltr'>ciam</span> <span class='ocrx_word' id='word_1_294' title='bbox 1000 2907 1014 2956; x_wconf 69' lang='lat' dir='ltr'>d</span> <span class='ocrx_word' id='word_1_295' title='bbox 1025 2904 1142 2957; x_wconf 69' lang='lat' dir='ltr'>labiisve·</span> 
     </span>
     <span class='ocr_line' id='line_1_37' title="bbox 277 2966 1144 3034; baseline -0.001 -14"><span class='ocrx_word' id='word_1_296' title='bbox 277 2971 321 3020; x_wconf 89' lang='lat' dir='ltr'>lini</span> <span class='ocrx_word' id='word_1_297' title='bbox 332 2970 465 3027; x_wconf 85' lang='lat' dir='ltr'>veteribus,</span> <span class='ocrx_word' id='word_1_298' title='bbox 482 2971 531 3020; x_wconf 70' lang='lat' dir='ltr'>&amp;a</span> <span class='ocrx_word' id='word_1_299' title='bbox 544 2971 617 3019; x_wconf 85' lang='lat' dir='ltr'>Badio</span> <span class='ocrx_word' id='word_1_300' title='bbox 628 2972 688 3019; x_wconf 91' lang='lat' dir='ltr'>olim</span> <span class='ocrx_word' id='word_1_301' title='bbox 707 2968 840 3034; x_wconf 85' lang='lat' dir='ltr'>impressis,</span> <span class='ocrx_word' id='word_1_302' title='bbox 861 2972 887 3018; x_wconf 72' lang='lat' dir='ltr'>de</span> <span class='ocrx_word' id='word_1_303' title='bbox 904 2969 1075 3019; x_wconf 70' lang='lat' dir='ltr'>avioorranis</span> <span class='ocrx_word' id='word_1_304' title='bbox 1084 2966 1144 3019; x_wconf 76' lang='lat' dir='ltr'>sun·</span> 
     </span>
     <span class='ocr_line' id='line_1_38' title="bbox 279 3030 1145 3098; baseline 0 -15"><span class='ocrx_word' id='word_1_305' title='bbox 279 3034 348 3091; x_wconf 83' lang='lat' dir='ltr'>sero,</span> <span class='ocrx_word' id='word_1_306' title='bbox 364 3050 403 3080; x_wconf 80' lang='lat' dir='ltr'>ves</span> <span class='ocrx_word' id='word_1_307' title='bbox 413 3049 470 3093; x_wconf 76' lang='lat' dir='ltr'>erge,</span> <span class='ocrx_word' id='word_1_308' title='bbox 488 3033 601 3098; x_wconf 74' lang='lat' dir='ltr'>pauline,</span> <span class='ocrx_word' id='word_1_309' title='bbox 614 3052 654 3082; x_wconf 81' lang='lat' dir='ltr'>vos</span> <span class='ocrx_word' id='word_1_310' title='bbox 665 3052 715 3081; x_wconf 83' lang='lat' dir='ltr'>vero</span> <span class='ocrx_word' id='word_1_311' title='bbox 728 3068 735 3091; x_wconf 92' lang='lat'>,</span> <span class='ocrx_word' id='word_1_312' title='bbox 752 3047 803 3082; x_wconf 86' lang='lat' dir='ltr'>tum</span> <span class='ocrx_word' id='word_1_313' title='bbox 818 3047 832 3081; x_wconf 75' lang='lat' dir='ltr'>a</span> <span class='ocrx_word' id='word_1_314' title='bbox 847 3030 912 3082; x_wconf 80' lang='lat' dir='ltr'>libris</span> <span class='ocrx_word' id='word_1_315' title='bbox 928 3030 1040 3081; x_wconf 80' lang='lat' dir='ltr'>nadianis</span> <span class='ocrx_word' id='word_1_316' title='bbox 1056 3030 1145 3083; x_wconf 55' lang='lat' dir='ltr'>ciffi</span> 
     </span>
     <span class='ocr_line' id='line_1_39' title="bbox 278 3094 1146 3159; baseline -0.003 -15"><span class='ocrx_word' id='word_1_317' title='bbox 278 3102 339 3153; x_wconf 77' lang='lat' dir='ltr'>huic,</span> <span class='ocrx_word' id='word_1_318' title='bbox 356 3112 399 3159; x_wconf 90' lang='lat' dir='ltr'>pro</span> <span class='ocrx_word' id='word_1_319' title='bbox 409 3100 476 3152; x_wconf 79' lang='lat' dir='ltr'>binc3</span> <span class='ocrx_word' id='word_1_320' title='bbox 493 3112 506 3145; x_wconf 89' lang='lat' dir='ltr'>n</span> <span class='ocrx_word' id='word_1_321' title='bbox 521 3110 648 3146; x_wconf 85' lang='lat' dir='ltr'>meantem</span> <span class='ocrx_word' id='word_1_322' title='bbox 659 3098 762 3146; x_wconf 83' lang='lat' dir='ltr'>haeetria</span> <span class='ocrx_word' id='word_1_323' title='bbox 773 3096 841 3145; x_wconf 82' lang='lat' dir='ltr'>verba</span> <span class='ocrx_word' id='word_1_324' title='bbox 854 3129 862 3152; x_wconf 94' lang='lat'>,</span> <span class='ocrx_word' id='word_1_325' title='bbox 878 3100 915 3141; x_wconf 79' lang='lat' dir='ltr'>boc</span> <span class='ocrx_word' id='word_1_326' title='bbox 928 3096 1031 3158; x_wconf 76' lang='lat' dir='ltr'>perrnmfi</span> <span class='ocrx_word' id='word_1_327' title='bbox 1045 3094 1146 3155; x_wconf 63' lang='lat' dir='ltr'>refunde,</span> 
     </span>
     <span class='ocr_line' id='line_1_40' title="bbox 280 3155 1147 3222; baseline -0.003 -13"><span class='ocrx_word' id='word_1_328' title='bbox 280 3160 386 3209; x_wconf 84' lang='lat' dir='ltr'>addititia</span> <span class='ocrx_word' id='word_1_329' title='bbox 397 3155 442 3205; x_wconf 81' lang='lat' dir='ltr'>else</span> <span class='ocrx_word' id='word_1_330' title='bbox 453 3173 524 3222; x_wconf 89' lang='lat' dir='ltr'>atque</span> <span class='ocrx_word' id='word_1_331' title='bbox 533 3162 716 3222; x_wconf 81' lang='lat' dir='ltr'>explicationem</span> <span class='ocrx_word' id='word_1_332' title='bbox 728 3160 812 3208; x_wconf 85' lang='lat' dir='ltr'>horum</span> <span class='ocrx_word' id='word_1_333' title='bbox 828 3156 899 3206; x_wconf 84' lang='lat' dir='ltr'>trium</span> <span class='ocrx_word' id='word_1_334' title='bbox 912 3176 920 3213; x_wconf 87' lang='lat'>;</span> <span class='ocrx_word' id='word_1_335' title='bbox 935 3162 986 3205; x_wconf 80' lang='lat' dir='ltr'>huic</span> <span class='ocrx_word' id='word_1_336' title='bbox 999 3159 1074 3219; x_wconf 66' lang='lat' dir='ltr'>vestre</span> <span class='ocrx_word' id='word_1_337' title='bbox 1089 3170 1147 3205; x_wconf 73' lang='grc' dir='ltr'><strong>ιιιιι·</strong></span> 
     </span>
     <span class='ocr_line' id='line_1_41' title="bbox 275 3219 1147 3286; baseline 0 -17"><span class='ocrx_word' id='word_1_338' title='bbox 275 3225 332 3285; x_wconf 74' lang='lat' dir='ltr'>sura</span> <span class='ocrx_word' id='word_1_339' title='bbox 348 3221 463 3270; x_wconf 75' lang='lat' dir='ltr'>fanorum</span> <span class='ocrx_word' id='word_1_340' title='bbox 480 3255 487 3275; x_wconf 91' lang='lat'>,</span> <span class='ocrx_word' id='word_1_341' title='bbox 506 3235 530 3269; x_wconf 90' lang='lat' dir='ltr'>ut</span> <span class='ocrx_word' id='word_1_342' title='bbox 546 3223 612 3270; x_wconf 84' lang='lat' dir='ltr'>locus</span> <span class='ocrx_word' id='word_1_343' title='bbox 629 3225 709 3271; x_wconf 89' lang='lat' dir='ltr'>omnis</span> <span class='ocrx_word' id='word_1_344' title='bbox 723 3224 794 3286; x_wconf 86' lang='lat' dir='ltr'>plane</span> <span class='ocrx_word' id='word_1_345' title='bbox 808 3220 947 3271; x_wconf 84' lang='lat' dir='ltr'>emendatus</span> <span class='ocrx_word' id='word_1_346' title='bbox 962 3219 998 3270; x_wconf 81' lang='lat' dir='ltr'>sar.</span> <span class='ocrx_word' id='word_1_347' title='bbox 1032 3219 1067 3270; x_wconf 82' lang='lat' dir='ltr'>fic</span> <span class='ocrx_word' id='word_1_348' title='bbox 1079 3220 1147 3286; x_wconf 74' lang='lat' dir='ltr'>igitur</span> 
     </span>
     <span class='ocr_line' id='line_1_42' title="bbox 281 3282 1148 3349; baseline -0.003 -15"><span class='ocrx_word' id='word_1_349' title='bbox 281 3286 361 3349; x_wconf 58' lang='lat' dir='ltr'>legam</span> <span class='ocrx_word' id='word_1_350' title='bbox 373 3296 444 3345; x_wconf 83' lang='lat' dir='ltr'>atque</span> <span class='ocrx_word' id='word_1_351' title='bbox 455 3282 609 3348; x_wconf 82' lang='lat' dir='ltr'>distinguam:</span> <span class='ocrx_word' id='word_1_352' title='bbox 625 3288 683 3334; x_wconf 76' lang='lat' dir='ltr'>Solis</span> <span class='ocrx_word' id='word_1_353' title='bbox 691 3301 762 3333; x_wconf 80' lang='lat' dir='ltr'>eutem</span> <span class='ocrx_word' id='word_1_354' title='bbox 773 3286 895 3348; x_wconf 74' lang='lat' dir='ltr'>magnitudo</span> <span class='ocrx_word' id='word_1_355' title='bbox 909 3285 962 3346; x_wconf 73' lang='lat' dir='ltr'>(ipse</span> <span class='ocrx_word' id='word_1_356' title='bbox 970 3287 1029 3330; x_wconf 77' lang='lat' dir='ltr'>enim</span> <span class='ocrx_word' id='word_1_357' title='bbox 1041 3288 1078 3330; x_wconf 73' lang='lat' dir='ltr'>aia</span> <span class='ocrx_word' id='word_1_358' title='bbox 1086 3285 1148 3331; x_wconf 70' lang='lat' dir='ltr'>redi·-</span> 
     </span>
     <span class='ocr_line' id='line_1_43' title="bbox 283 3344 1149 3409; baseline -0.001 -13"><span class='ocrx_word' id='word_1_359' title='bbox 283 3364 332 3396; x_wconf 76' lang='grc' dir='ltr'><strong>ιιιιι</strong></span> <span class='ocrx_word' id='word_1_360' title='bbox 348 3365 382 3395; x_wconf 86' lang='lat' dir='ltr'>me</span> <span class='ocrx_word' id='word_1_361' title='bbox 402 3351 482 3393; x_wconf 75' lang='lat' dir='ltr'>intueri</span> <span class='ocrx_word' id='word_1_362' title='bbox 499 3351 588 3395; x_wconf 79' lang='lat' dir='ltr'>viderur</span> <span class='ocrx_word' id='word_1_363' title='bbox 602 3366 627 3395; x_wconf 79' lang='lat' dir='ltr'>ec</span> <span class='ocrx_word' id='word_1_364' title='bbox 646 3362 732 3405; x_wconf 70' lang='lat' dir='ltr'>anonae,</span> <span class='ocrx_word' id='word_1_365' title='bbox 745 3361 769 3394; x_wconf 82' lang='lat' dir='ltr'>ut</span> <span class='ocrx_word' id='word_1_366' title='bbox 784 3350 852 3395; x_wconf 76' lang='lat' dir='ltr'>erebro</span> <span class='ocrx_word' id='word_1_367' title='bbox 864 3347 948 3406; x_wconf 76' lang='lat' dir='ltr'>seciam</span> <span class='ocrx_word' id='word_1_368' title='bbox 958 3351 1088 3395; x_wconf 76' lang='lat' dir='ltr'>mentionem</span> <span class='ocrx_word' id='word_1_369' title='bbox 1099 3344 1149 3409; x_wconf 72' lang='lat' dir='ltr'>sui)</span> 
     </span>
     <span class='ocr_line' id='line_1_44' title="bbox 283 3410 1151 3475; baseline -0.001 -17"><span class='ocrx_word' id='word_1_370' title='bbox 283 3429 322 3458; x_wconf 80' lang='lat' dir='ltr'>ves</span> <span class='ocrx_word' id='word_1_371' title='bbox 332 3427 377 3474; x_wconf 79' lang='lat' dir='ltr'>ergo</span> <span class='ocrx_word' id='word_1_372' title='bbox 387 3412 450 3468; x_wconf 76' lang='lat' dir='ltr'>hujus</span> <span class='ocrx_word' id='word_1_373' title='bbox 459 3413 626 3472; x_wconf 79' lang='lat' dir='ltr'>magnitudinem</span> <span class='ocrx_word' id='word_1_374' title='bbox 637 3412 698 3475; x_wconf 74' lang='lat' dir='ltr'>quasi</span> <span class='ocrx_word' id='word_1_375' title='bbox 706 3412 845 3473; x_wconf 72' lang='lat' dir='ltr'>decempeda,</span> <span class='ocrx_word' id='word_1_376' title='bbox 859 3413 908 3458; x_wconf 80' lang='lat' dir='ltr'>huic</span> <span class='ocrx_word' id='word_1_377' title='bbox 918 3413 974 3455; x_wconf 84' lang='lat' dir='ltr'>enim</span> <span class='ocrx_word' id='word_1_378' title='bbox 986 3427 1019 3458; x_wconf 83' lang='lat' dir='ltr'>me</span> <span class='ocrx_word' id='word_1_379' title='bbox 1044 3410 1092 3469; x_wconf 68' lang='lat' dir='ltr'>ulfi</span> <span class='ocrx_word' id='word_1_380' title='bbox 1102 3426 1151 3457; x_wconf 76' lang='lat' dir='ltr'>me·</span> 
     </span>
     <span class='ocr_line' id='line_1_45' title="bbox 283 3474 1150 3538; baseline -0.002 -15"><span class='ocrx_word' id='word_1_381' title='bbox 283 3478 317 3524; x_wconf 77' lang='lat' dir='ltr'>lus</span> <span class='ocrx_word' id='word_1_382' title='bbox 327 3475 450 3525; x_wconf 73' lang='lat' dir='ltr'>arclaieealus</span> <span class='ocrx_word' id='word_1_383' title='bbox 462 3475 559 3535; x_wconf 78' lang='lat' dir='ltr'>menfiere</span> <span class='ocrx_word' id='word_1_384' title='bbox 569 3475 640 3535; x_wconf 75' lang='lat' dir='ltr'>vestra</span> <span class='ocrx_word' id='word_1_385' title='bbox 656 3491 704 3538; x_wconf 68' lang='lat' dir='ltr'>nege</span> <span class='ocrx_word' id='word_1_386' title='bbox 718 3488 752 3538; x_wconf 74' lang='lat' dir='ltr'>ege</span> <span class='ocrx_word' id='word_1_387' title='bbox 769 3475 858 3526; x_wconf 79' lang='lat' dir='ltr'>credere.</span> <span class='ocrx_word' id='word_1_388' title='bbox 890 3474 1015 3523; x_wconf 75' lang='lat' dir='ltr'>Dubiam</span> <span class='ocrx_word' id='word_1_389' title='bbox 1046 3474 1098 3523; x_wconf 74' lang='lat' dir='ltr'>nte&#39;e</span> <span class='ocrx_word' id='word_1_390' title='bbox 1112 3490 1150 3521; x_wconf 78' lang='lat' dir='ltr'>ne·</span> 
     </span>
    </p>
   </div>
   <div class='ocr_carea' id='block_1_5' title="bbox 1080 3534 1151 3597">
    <p class='ocr_par' dir='ltr' id='par_1_7' title="bbox 1080 3534 1151 3597">
     <span class='ocr_line' id='line_1_46' title="bbox 1080 3534 1151 3597; baseline -0.085 0"><span class='ocrx_word' id='word_1_391' title='bbox 1080 3534 1151 3597; x_wconf 67' lang='lat' dir='ltr'>stria</span> 
     </span>
    </p>
   </div>
   <div class='ocr_carea' id='block_1_6' title="bbox 0 0 1189 3914">
    <p class='ocr_par' dir='ltr' id='par_1_8' title="bbox 0 0 1189 3914">
     <span class='ocr_line' id='line_1_47' title="bbox 0 0 1189 3914; baseline 0 0"><span class='ocrx_word' id='word_1_392' title='bbox 0 0 1189 3914; x_wconf 95' lang='lat' dir='ltr'> </span> 
     </span>
    </p>
   </div>
  </div>
 </body>
</html>
