2318 3914
199 128 767 209 brnnnsneunnns.
860 163 943 229 2407

110 257 166 319 Sed
199 255 246 316 uid
258 272 320 332 ages
334 254 475 319 tandem,
502 249 523 308 li
544 251 640 309 utilitas
662 252 695 310 ab
710 253 828 313 amicitia
849 256 891 330 (ut
910 254 986 339 lit-19

68 336 156 410 saepe)
176 275 306 393 defecerit
326 332 338 389 ἓ
358 324 560 405 relinquesne?
588 343 651 402 quae
674 328 720 386 illa
743 332 863 390 amicitia
884 332 942 393 est?

73 408 221 471 retinebis?
240 409 291 486 qut
305 408 441 467 convenit
457 403 469 461 ?
488 402 556 478 quid
570 404 646 460 enim
660 403 827 464 ‹le-amicitia
845 407 946 469 stante·

68 489 129 558 ris,
161 487 302 544 ⁶utilitatis
331 479 410 541 caula
432 477 587 555 expetenda
609 477 693 538 vides.
731 479 778 537 Ne
798 482 826 539 in
847 483 948 545 odium·

70 565 201 632 veniam,
220 561 380 620 stamicum
396 557 521 616 destitero
535 555 615 614 tueri.
644 554 766 614 Primum
782 573 830 615 cur
841 557 889 617 illa
902 578 944 627 res

68 639 151 716 digna
171 638 262 697 rodio
278 635 335 703 est,
354 633 402 693 nifi
416 631 494 710 quod
505 631 542 699 est
557 629 663 706 turpis?
683 631 822 707 Quodsi,
841 651 943 711 nequo

65 713 257 775 incommodo
278 711 416 778 afficiare,
436 728 494 769 nun
514 707 649 783 relinques
668 709 816 767 amicum:
836 722 943 781 tamen,

66 809 106 851 ne
121 789 179 850 fine
194 788 286 846 fructu
299 787 416 862 alligatus
431 785 486 854 sis,
505 796 536 845 ut
550 785 699 857 moriatur,
720 785 834 860 optabis.
854 786 943 861 Quod

67 866 90 932 fi
104 885 166 926 non
180 863 271 923 modo
285 863 427 922 utilitatem
445 862 493 921 tibi
506 859 610 919 nullam
630 858 726 922 afferet
740 902 749 930 ‚
769 862 813 920 sed
824 864 942 937 jacturae

66 944 110 1001 rei
126 941 264 1000 familiaris
284 951 362 998 erunt
382 937 545 1006 faciundae,
565 935 670 995 labores
691 936 873 1012 suscipiendi,
893 937 943 1025 ad·

64 1016 200 1081 ,eundum
217 1018 279 1075 vitae
292 1015 441 1090 periculum
460 1035 467 1072 ι
488 1031 525 1072 ne
547 1024 607 1072 tum
628 1013 742 1088 quidem
764 1025 793 1071 te
815 1014 939 1089 respicies
1059 1080 1062 1087 ,

70 1092 247 1168 &cogitabis
264 1091 308 1149 fibi
323 1108 464 1167 quemque
480 1100 578 1149 natum
593 1087 646 1147 elle
672 1093 701 1147 δι
726 1088 777 1147 suis
790 1091 938 1166 ‘volupta
985 1076 1059 1186 ἥγ’·

69 1169 145 1231 tibus
160 1169 173 1226 ἓ
191 1167 290 1226 vadem
303 1181 331 1225 te
346 1169 380 1225 ad
396 1178 518 1230 mortem
534 1177 654 1240 tyranno
668 1165 741 1224 dabis
754 1183 805 1239 pro
814 1169 918 1225 ‘amico
927 1209 936 1236 ‚
946 1150 1064 1249 {munga-

71 1257 106 1303 ut
120 1245 304 1323 Pythagoreus
316 1243 360 1302 ille
377 1243 444 1307 fecit
456 1242 552 1300 Siculo
565 1239 731 1316 ityranno?
752 1256 798 1301 aur
822 1243 962 1319 Pyla-‚lesa
977 1276 985 1311 ς
1004 1237 1079 1312 ran'no

71 1319 137 1379 cum
153 1320 201 1390 fis,
220 1319 334 1379 dicente
350 1316 403 1377 else
418 1318 563 1387 Orestem,
583 1331 613 1375 ut
629 1319 746 1377 moriare
757 1336 808 1393 pro
824 1277 1070 1390 antico?g.'01lavid.

70 1410 137 1468 aut,
156 1393 254 1457 fielles
267 1395 395 1463 Orestes,
414 1393 718 1470 Pylademrefelleres,
737 1407 765 1451 te
786 1393 1012 1455 indicaresesr'm·

69 1474 120 1542 δι,
140 1472 201 1533 fild
215 1490 272 1532 non
287 1473 431 1547 probares,
451 1488 509 1546 quo
518 1468 607 1533 minin
620 1470 703 1528 ambo
718 1469 773 1529 una
787 1475 940 1533 necaremi-

68 1550 101 1608 ni
119 1567 179 1607 non
193 1547 374 1624 eprecarere?
948 1561 961 1596 e
976 1544 1068 1623 deptoe.

109 1626 201 1684 XXV.
221 1626 243 1682 F
251 1645 266 1682 a
276 1643 294 1682 c
303 1643 320 1681 n
330 1644 349 1682 u
361 1642 400 1682 ss
414 1635 446 1683 tu
460 1622 587 1698 quidem,
595 1621 826 1698 Torquate,haec
834 1625 938 1683 omnia.
947 1611 999 1731 ἑὼ·
1081 1654 1084 1659 -

70 1701 141 1760 nihil
156 1703 230 1760 enim
246 1702 358 1769 arbitror
372 1718 471 1775 magna
483 1700 564 1758 laude
580 1698 714 1772 dignum,
733 1700 811 1776 quod
825 1712 854 1759 te
868 1717 939 1775 prae·
967 1693 987 1732 ⁰

68 1775 254 1836 termilsnrum
270 1777 380 1835 credam
393 1789 441 1834 aut
451 1777 553 1834 mortis
580 1790 626 1833 aut
651 1774 751 1835 doloris
765 1790 851 1836 metu
878 1795 939 1837 non

67 1855 204 1929 quaeritur
215 1865 326 1922 autem,
345 1852 411 1929 quid
425 1864 530 1910 naturae
545 1851 829 1910 tuae-consentaneum
844 1853 940 1921 sit,sed

68 1929 139 2004 quid
152 1928 308 2005 disciplinae.
347 1929 417 1985 ratio
431 1928 495 1998 illa,
515 1945 598 2002 quam
623 1926 762 1994 serenum
783 1940 938 2002 praecepta,

67 2021 135 2081 quae
150 2004 281 2072 didicisti,
301 2021 366 2079 quc,
377 2005 491 2077 probas,
506 2003 626 2061 Funditus
639 2014 765 2060 evertunt
779 2003 940 2063 amicitiam:

67 2081 197 2156 quamvis
212 2098 274 2149 earn
287 2080 438 2153 Epicurus,
458 2092 488 2136 ut
501 2080 589 2147 facit,
606 2081 635 2137 in
650 2077 751 2135 caelum
773 2077 868 2138 efferat
883 2080 941 2137 lau-

68 2158 158 2215 dibus.
196 2158 236 2215 At
251 2156 335 2214 coluit
348 2155 403 2230 ipse
416 2156 556 2214 amicitias.
599 2153 684 2226 Quasi
698 2155 758 2231 quis
771 2155 848 2215 illum
857 2168 941 2231 neget

69 2234 102 2291 δι
116 2234 223 2291 bonum
238 2233 346 2300 virum,
367 2233 397 2290 &
411 2248 543 2300 comem,
564 2232 759 2293 &humanum
780 2228 867 2299 fuille.
905 2230 941 2290 de

68 2309 263 2384 ingeniosius
285 2311 315 2367 in
335 2309 376 2367 his
397 2306 644 2383 disputationibus,
672 2324 731 2366 non
753 2307 787 2373 de
817 2307 940 2367 moribus

67 2386 210 2461 quaeritur.
251 2384 282 2445 sit
296 2384 342 2442 ista
356 2385 384 2441 in
400 2384 565 2444 Graecorum
578 2383 689 2442 levitate
702 2383 876 2459 perversum,
890 2384 940 2460 qui

68 2460 223 2519 maledictis
236 2461 399 2518 insectantur
411 2477 476 2529 eos,
495 2458 512 2518 {a
532 2460 629 2534 quibus
651 2459 685 2518 de
705 2462 819 2535 veritate
838 2458 939 2521 diffen-

69 2538 160 2605 tiunt„
193 2535 246 2601 Sed
261 2535 386 2611 quamvis
399 2538 487 2605 soniis
500 2536 529 2593 in
542 2533 683 2603 famlcitlis
706 2536 814 2596 tuendis
835 2525 1054 2607 fuerit,f¹¹¹¹icis
1073 2544 1077 2553 “

68 2624 183 2681 tamen,
204 2610 298 2670 fihaec
313 2628 377 2670 vera
389 2612 466 2682 sunt,
486 2610 565 2687 (nihil
581 2612 656 2672 eninr
671 2610 792 2688 affirmo)
806 2631 864 2672 non
878 2613 937 2673 latis
946 2592 1062 2708 mg.

70 2700 168 2747 acutus
182 2688 243 2751 fuit.
1066 2724 1077 2765 ,-

104 2911 127 2953 6.
143 2900 331 2962 utilitatisaaustl
340 2903 470 2966 tapetem}
484 2903 556 2952 Tolle
565 2902 627 2952 boc:
642 2902 762 2967 intelliges
779 2899 826 2951 effe
841 2905 940 2957 concin-

71 2966 132 3015 nius.
155 2978 200 3015 nec
209 2963 264 3014 sane
276 2965 421 3027 reqttititurb
434 2964 566 3022 lententi23
584 2969 610 3016 δι
623 2965 737 3038 glollema
750 2978 806 3028 puto
819 2964 892 3017 fuill'e.
910 2973 938 3020 Ρ.

70 3033 160 3078 Manus.
192 3030 306 3074 utilitatis
314 3029 377 3087 censi
389 3030 518 3089 expetenda]
540 3029 615 3078 Verba
630 3028 706 3076 illhaee
716 3028 760 3076 tria
770 3027 859 3077 tollunt
872 3031 941 3081 Paul-

72 3091 111 3139 lus
127 3091 248 3138 Manutius
262 3103 290 3137 ae
302 3089 431 3139 Lambinus
452 3107 459 3138 i
491 3089 529 3139 sed
540 3092 620 3139 invitis
631 3088 683 3139 mis.
696 3092 720 3139 dt
732 3102 813 3139 mente
828 3092 938 3146 annona

72 3166 133 3200 narn
144 3154 308 3217 Epiroteoturn
325 3153 371 3201 boc
385 3165 453 3208 etat,
468 3154 529 3202 nibil
542 3152 618 3202 facere
634 3150 676 3201 nili
687 3152 793 3203 utilitatis
803 3151 845 3204 sue
856 3154 938 3217 cauld,

73 3226 101 3262 ut
112 3211 176 3277 supra
187 3214 291 3262 nuditum
303 3215 342 3264 est.
375 3219 464 3266 Gruter.
862 3272 865 3276 Ι

107 3291 131 3332 7.
151 3276 241 3335 Odioest
255 3311 263 3334 ‚
277 3279 324 3335 tufi
338 3280 395 3341 quod
409 3279 437 3338 est
449 3281 539 3340 turpis?
560 3278 627 3341 Qud
638 3278 658 3335 fi
672 3294 697 3324 ne
711 3293 751 3339 quo
762 3279 818 3337 inu]
834 3279 939 3329 Debetur

71 3338 188 3403 palmaria
198 3338 273 3388 isthuc
283 3341 421 3390 ernendatio
432 3342 538 3389 Palatino
549 3354 582 3401 pr.
593 3352 691 3404 tamque
701 3341 762 3389 clara
774 3340 821 3397 est,
835 3355 861 3390 ut
872 3342 902 3390 de
911 3355 941 3390 ea

73 3402 289 3463 dubitatinequeat.
309 3417 333 3451 at
348 3404 443 3468 vulgata
454 3403 557 3452 lenione
573 3402 631 3452 niltil
641 3404 852 3471 eratinquiuutiuts
868 3409 943 3453 bam·
998 3416 1001 3423 ⁴

72 3466 170 3525 biniano
181 3466 327 3526 eoneb'me
344 3466 406 3520 nibil
417 3467 520 3520 dlutius.
554 3469 621 3517 ram.

489 3535 662 3602 rtttttts
781 3513 785 3526 ‘
888 3530 967 3578 aut
