2318 3914
220 132 410 203 erirru
451 132 797 214 Sucuunus}
881 139 964 225 2387

28 248 42 298 s
120 251 217 328 Atque
230 253 291 311 haec
305 264 402 311 contra
416 250 585 326 Aristippum
602 293 611 320 ,
637 254 685 330 qui
700 271 763 311 eam
777 254 950 329 voluptatem
960 273 995 330 41

79 344 141 386 non
162 327 249 387 modo
264 329 400 387 summam
419 369 427 394 ,
446 327 492 384 sed
511 327 597 385 solam
619 334 701 385 etiam
718 333 811 387 bourie
831 352 838 387 ι
864 332 976 391 utinmb
992 333 1050 387 dicit

83 421 183 463 omnes
192 423 274 464 unam
288 404 459 479 appellamus
474 403 655 477 voluptatem.
674 406 751 463 aliter
765 420 855 463 autem
871 394 1011 467 uobis‘fff·

82 480 179 554 placet.
216 481 261 542 sed
280 482 342 550 ille,
364 494 394 536 ut
410 480 481 544 dixi,
502 479 608 537 vitiose.
642 496 694 537 nec
708 482 783 538 enim
797 481 951 553 figuracot-

81 559 171 628 poris,
191 575 244 616 nec
258 558 330 616 ratio
345 555 480 613 excellens
493 555 597 629 ingenii
609 556 724 614 humani
744 556 874 630 fignificat
889 602 897 627 ,
916 560 953 619 ad

79 631 152 691 hanc
164 652 251 693 unam
268 651 329 691 rem
344 643 439 689 natum
454 631 619 701 hominem,
635 644 666 690 ut
679 634 954 708 fruereturvolupta·

79 708 158 768 tibus.
174 710 262 795 ⁸Nec
277 706 347 765 verb
361 706 510 767 audiendus
524 710 731 784 Hieronymus:
753 710 797 767 cui
811 706 952 770 summum

79 783 190 844 bonum
209 785 247 842 est
260 784 336 851 idem
353 826 361 852 ‚
381 783 457 860 quod
478 802 527 842 vos
548 786 713 854 interdum,
732 786 779 843 vel
800 783 890 859 potitis
909 786 968 843 ni··

79 861 172 919 mium
188 861 260 935 saepe
275 860 378 928 dicitis,
396 859 462 919 nihil
475 861 577 919 dolere.
618 858 785 929 nonenim,
805 861 825 919 ti
846 861 952 921 malum

79 936 165 996 dolor
180 937 216 994 est
234 980 242 1005 ,
263 952 353 995 carere
374 954 410 995 eo
431 937 505 996 malo
527 937 586 996 satis
601 937 687 997 estad
702 937 953 998 benevivendum.

80 1011 141 1070 hoc
156 1011 254 1072 dixerit
267 1011 356 1087 potiris
373 1013 495 1081 Ennium

178 1089 300 1147 Nimium
322 1086 381 1147 bani
397 1090 447 1163 ιβ,
467 1090 515 1148 cui·
528 1088 597 1147 nihil
613 1091 646 1163 ιβ
666 1091 742 1149 mali.

79 1164 144 1221 Nos
157 1163 263 1223 beatam
279 1166 363 1224 vitam
376 1185 436 1224 non
450 1166 609 1242 depulsione
631 1169 712 1234 mali,
732 1167 778 1225 sed
791 1167 942 1242 adeptione

78 1240 148 1298 boni
158 1240 328 1317 judicemus:
348 1251 437 1300 5²nec
452 1262 514 1301 eam
529 1239 674 1313 cessando,
692 1244 749 1303 five
762 1244 943 1319 gaudentem,

79 1328 113 1373 ut
126 1316 289 1394 Aristippus,
310 1317 366 1377 five
381 1337 441 1377 non
455 1320 598 1377 dolentem
613 1364 622 1390 ,
642 1332 673 1379 ut
685 1322 754 1379 hic:
773 1320 820 1379 sed
833 1320 943 1395 agendo

77 1390 179 1467 aliquid
205 1394 440 1455 conliderandove
460 1413 625 1472 quaeramus.

114 1471 190 1544 Quae
209 1468 320 1545 possunt
340 1471 438 1530 eadem
459 1485 556 1531 contra
576 1472 768 1533 Carneadeum
782 1471 849 1531 illud
870 1471 987 1554 sum-42

73 1559 156 1603 mum
169 1547 277 1618 bonum
292 1548 362 1607 dici:
382 1547 460 1625 quod
472 1550 493 1606 is
506 1560 653 1618 nontam,
673 1563 704 1608 ut
717 1550 860 1624 probaret,
880 1567 945 1624 pro-

71 1620 151 1688 tulit;
172 1622 258 1699 quim
272 1636 303 1683 ut
317 1624 432 1692 Stoicis,
452 1624 616 1700 quibuscum
630 1626 732 1684 bellum
745 1626 871 1700 gerebat,
891 1642 945 1700 op·

72 1712 199 1770 poneret.
237 1701 269 1759 Id
284 1712 378 1759 autem
392 1698 530 1775 ejusmodi
543 1695 598 1773 est,
617 1713 648 1760 ut
661 1702 784 1761 additum
799 1700 834 1759 ad
854 1702 941 1760 virtu·

71 1783 133 1831 tem
161 1776 353 1836 auetoritatem
385 1777 509 1835 videatur
528 1777 685 1837 habiturum
712 1776 938 1851 &expleturum
977 1780 1004 1827 Ρ·
1023 1780 1051 1825 ¹·

72 1850 213 1910 cumulate
227 1855 313 1911 vitam
327 1854 453 1911 beatam:
474 1851 508 1911 de
523 1871 581 1929 quo
596 1855 688 1913 omnis
700 1853 763 1911 haec
771 1853 885 1928 quaestio
892 1854 940 1913 est.
961 1888 969 1903 ·

69 1931 200 2004 namqui
216 1927 252 1987 ad
265 1930 397 2001 virtutem
413 1928 565 2003 adjungunt
579 1929 624 1988 vel
645 1930 834 2004 voluptatem,
854 1947 940 2004 quam

69 2010 157 2061 unam
171 2007 256 2064 virtus
270 2006 380 2073 minimi
391 2005 457 2063 facit
471 2025 478 2062 ι
504 2005 549 2063 vel
562 2006 730 2065 vacuitatem
743 2004 862 2073 doloris,
876 2023 941 2079 quae

69 2080 156 2137 etiam
172 2080 192 2138 fi
207 2080 281 2139 malo
295 2094 386 2154 caret,
405 2092 500 2139 tamen
520 2099 579 2139 non
598 2082 635 2139 est
654 2081 795 2139 summum
816 2080 945 2141 bonumt.
991 2151 993 2155 Ι

68 2156 225 2215 acceffione
237 2168 352 2215 utuntur
371 2175 431 2225 non
451 2157 487 2215 ita
508 2156 663 2232 probabili,
683 2175 736 2216 nec
751 2168 870 2225 tamen,
890 2174 939 2215 cur

69 2230 99 2289 id
112 2245 171 2290 tam
186 2232 266 2309 parce
291 2246 405 2311 tamque
427 2232 677 2301 restriele'faciant,
697 2232 829 2308 intelligo.
863 2233 939 2309 quast

70 2309 148 2367 enim
163 2310 314 2383 emendum
329 2312 367 2368 eis
380 2309 428 2379 fit,
447 2308 524 2386 quod
538 2309 638 2368 addant
652 2310 686 2369 ad
708 2312 839 2369 virtutem
854 2352 863 2379 ‚
883 2311 938 2384 pri·

70 2382 152 2443 mbm
167 2386 302 2451 viliffimas
316 2404 358 2444 res
371 2384 599 2446 addunttdeinde
614 2384 727 2461 singulas
747 2384 938 2463 potiusquam

69 2462 186 2530 omnia,
202 2480 266 2538 quae
281 2462 402 2537 primum
422 2475 518 2523 natura
537 2454 736 2539 approbaviliet‘
753 2504 762 2532 ,
782 2473 809 2517 5³
819 2481 852 2522 ea
871 2481 938 2522 cum

69 2537 213 2614 uoluptate
228 2540 435 2616 conjungerent.
712 2540 715 2546 “

461 2644 464 2653 ·
866 2619 942 2694 Quae

100 2784 138 2825 52·
156 2774 198 2817 uec
208 2784 256 2817 eam
265 2772 370 2834 cessande,-
380 2771 427 2829 βω
433 2771 543 2837 gaudendo
551 2770 621 2827 dre]
636 2773 659 2819 N
663 2769 704 2818 ihil
717 2769 767 2816 vitii
777 2768 827 2817 haec
840 2767 937 2830 scriptu-

67 2831 191 2881 rehabere
201 2832 292 2885 videtur
303 2852 312 2891 ε
325 2832 364 2885 sed
378 2834 430 2885 libri
445 2831 596 2897 manuscripti
607 2832 688 2880 mendi
704 2829 858 2893 suspicionem
874 2831 934 2880 mihi

68 2908 227 2945 commovent
243 2914 251 2954 ι
267 2894 375 2949 fieteoim
384 2896 485 2954 habent,
499 2913 590 2943 neceam
604 2896 715 2955 cefflmdo,
732 2894 779 2951 five
793 2894 936 2949 (audentem,

69 2971 94 3004 ue
103 2958 233 3022 „Aristippus
242 2992 249 3015 ,
255 2960 306 3069 foe
316 2978 355 3006 non
366 2962 408 3009 dol.
421 2963 464 3012 irc.
493 2958 555 3007 unde
567 2955 667 3021 suspicor
679 2954 710 3004 sic
726 2954 772 3003 elle
787 2954 802 3003 a
819 2954 935 3005 Cicerone

67 3019 197 3085 scriptum,
214 3025 239 3072 &
264 3022 448 3085 relegendum,
470 3040 506 3068 nec
524 3039 569 3068 eam
581 3022 629 3079 five
641 3019 770 3081 gaudendo,
787 3018 932 3082 utudristipp.
969 3028 974 3053 ²

65 3084 113 3141 five
127 3101 168 3131 nun
181 3087 224 3135 dol.
241 3086 286 3139 (rc.
319 3090 411 3146 Querar
434 3084 522 3146 aliquid
543 3080 686 3147 probabilius
702 3079 777 3128 leitor
792 3080 933 3143 ingeniolis.

70 3146 194 3208 Lambinus.
226 3145 352 3211 Adscripfit
364 3145 435 3195 dobba
451 3161 535 3194 manus
566 3145 682 3206 [Optime
697 3156 752 3191 vero
767 3140 784 3191 fi
800 3144 832 3191 ita
849 3144 934 3208 legeris

69 3205 218 3271 exscriptum
230 3211 290 3267 illa,
305 3229 341 3257 nec
353 3227 398 3256 eam
408 3208 499 3269 ceffirndo
515 3243 522 3265 ,
534 3207 579 3268 fine
590 3207 736 3269 gaudentem,
751 3220 776 3254 ut
791 3206 932 3279 (aristippus,

64 3271 284 3332 fivrnorrdol.&c.]
315 3273 426 3335 Verburg.
894 3314 897 3319 .

102 3351 141 3391 53.
157 3338 192 3381 Ea
201 3352 247 3383 cum
257 3339 310 3384 volu
323 3349 367 3384 tate
375 3339 537 3397 coniungerent]
548 3329 677 3382 Lambinus
687 3343 787 3396 quatuor
798 3330 851 3381 istas
862 3344 932 3380 voces

66 3396 175 3453 editione
186 3350 340 3456 sueonum,
356 3397 422 3462 quod
438 3414 488 3446 non
499 3407 662 3460 comparerent
670 3394 770 3509 (inzuit)
778 3397 801 3443 in
813 3393 932 3442 unolibro

64 3460 251 3530 longeoprlmo.
266 3460 600 3572 arbabenreasl’allbomneus:
606 3456 705 3579 ‘Lisgqu‘’
727 3456 837 3514 interno,
843 3472 890 3574 extusa!
892 3458 934 3562 ἴς

527 3543 539 3574 0
553 3543 564 3573 θ
925 3549 934 3567 ⁰
