2318 3914
108 94 112 102 Ι
209 127 289 214 2368
391 129 455 194 De
476 131 564 195 Fau.
587 129 685 194 Bon.
708 144 763 192 er
784 127 899 192 Mne.

209 254 307 309 utens,
326 241 395 299 nihil
408 245 495 319 quieti
509 244 619 312 videre,
640 242 707 301 nihil
721 243 858 318 tranquilli
872 240 977 316 potest.

164 339 200 397 59
249 316 377 390 Quodsi
401 323 523 395 corporis
544 320 711 395 gravioribus
734 321 836 376 morbis
851 320 918 375 vitae
931 319 1091 393 jucunditas

210 393 373 466 impeditur:
393 408 499 471 quanto
515 398 600 471 magis
616 395 701 453 animi
715 395 817 452 morbis
833 393 968 469 impediri
981 396 1089 457 necelle

212 467 275 525 est?
295 471 380 527 animi
393 485 485 529 autem
503 472 593 530 morbi
614 471 675 528 sunt
696 471 855 544 cupiditates
878 472 1033 530 immensae
1065 476 1091 533 ἃ

211 545 328 610 inanes,
350 545 529 616 divitiarum,
549 548 670 621 gloriae,
690 546 909 613 dominationis,
931 547 1088 607 libidinosa·

211 637 274 677 rum
288 623 372 679 etiarn
387 624 569 699 voluptatum.
608 622 744 681 accedunt
769 623 970 697 aegritudines,
1003 626 1089 683 mole·

211 695 286 764 stiae,
306 714 453 768 maerores,
472 702 521 774 qui
533 700 641 757 animos
665 698 787 756 exedunt
813 697 1033 774 conficiuntque
1047 718 1088 758 cu·

214 772 248 828 ris
265 815 273 838 ,
293 773 440 834 hominum
456 794 514 833 non
529 774 758 848 intelligentium,
778 773 845 832 nihil
861 774 1025 833 dolendum
1042 775 1088 835 elle

214 850 335 916 animo,
356 850 432 924 quod
446 850 478 909 srt
499 851 515 908 a
537 851 638 909 dolore.
655 852 777 924 corporis
800 850 926 923 praesenti
955 852 1087 913 futurove

219 923 382 998 sejunctum.
415 927 483 985 'Nec
509 925 577 984 verb
599 927 743 1003 quisquam
772 925 864 983 stultus
895 944 958 984 non
988 928 1088 990 horum

216 1002 379 1058 morborum
394 1003 486 1078 aliquo
499 1003 612 1060 laborat.
631 1011 755 1060 ttnemo
770 1002 850 1074 igitur
866 1002 902 1058 ell
921 1020 985 1060 non
1002 995 1087 1063 milit.

171 1072 208 1127 ⁶0
253 1077 370 1134 Accedit
392 1076 571 1136 etiam'mors
587 1105 599 1146 ,·
615 1095 704 1153 quae,
733 1075 808 1153 quali
822 1076 916 1134 saxum
933 1079 1084 1151 Tantalo,

215 1151 321 1225 semper
336 1154 372 1210 im
395 1154 493 1212 endet:
513 1166 574 1212 tum
587 1153 752 1228 superstitio,
766 1150 820 1228 qud
833 1154 881 1227 qui
896 1152 934 1211 est
948 1154 1087 1227 imbutus,

217 1229 326 1302 quietus
341 1247 356 1286 e
378 1247 393 1287 e
408 1248 561 1306 numquam
576 1230 671 1303 potest.
704 1231 837 1286 Praeterea
851 1230 924 1286 bona
947 1235 1086 1305 ptaeterita

217 1321 278 1361 non
300 1307 512 1376 meminerunt,
538 1306 710 1381 praesentibus
731 1322 789 1363 non
810 1305 937 1362 fruuntur
960 1348 971 1374 ,
1001 1309 1088 1368 sutura

219 1376 309 1436 modb
324 1380 500 1456 exspectant:
531 1399 595 1457 quae
616 1383 680 1458 quia
702 1393 775 1439 certa
796 1377 849 1437 eise
871 1398 930 1438 non
952 1380 1086 1457 possunt,

220 1453 447 1515 conficiuntur&
462 1476 582 1533 angore,
601 1459 631 1515 ὃ(
645 1469 722 1515 metu
739 1477 746 1514 z
764 1453 946 1530 maximeque
964 1463 1086 1519 crucian-

218 1542 279 1598 tur,
299 1531 362 1591 cltm
378 1532 436 1591 sero
450 1532 584 1601 sentiunt,
604 1533 696 1592 frustra
710 1532 736 1590 se
744 1545 791 1590 aut
804 1533 931 1607 pecuniae
945 1533 1083 1605 studuisse,

217 1619 265 1664 aut
280 1608 414 1682 imperiis,
435 1624 481 1667 aut
495 1611 608 1684 opibus,
626 1623 673 1667 aut
686 1608 789 1684 glon'ae.
827 1608 912 1665 nullas
926 1610 1008 1669 enim
1022 1629 1086 1671 con-

218 1681 366 1758 sequuntur
381 1686 552 1760 voluptates,
570 1703 685 1760 quarum
702 1683 825 1759 potiendi
837 1683 883 1761 spe
903 1683 1105 1759 inflammati,=

216 1759 320 1817 multos
333 1761 437 1819 labores
457 1779 626 1837 magnosque
644 1761 819 1834 lusceperant.

174 1847 207 1904 61
257 1834 287 1888 7⁶
296 1837 369 1894 Ecce
394 1850 487 1894 autem
506 1839 552 1895 alii
571 1838 671 1895 minuti
704 1839 734 1894 ὃ(
756 1833 899 1910 ⁸angusti,
918 1849 970 1897 aut
992 1840 1083 1901 omnia

74 1921 188 1986 sangullr
220 1908 326 1984 semper
346 1912 537 1987 desperantes,
565 1925 612 1970 aut
632 1912 784 1981 malevoli,
811 1910 923 1982 invidi,
943 1914 1083 1987 difficiles,

55 1986 147 2037 ,enimi
158 1985 352 2061 Gallucit'ugi,
373 1988 522 2059 maledici,
540 1988 717 2047 tmonstrosi:
737 1990 781 2047 alii
794 2000 888 2045 autem
908 1991 997 2049 eriam
1014 2010 1085 2051 arna-

113 2052 134 2099 Ρ·
157 2053 189 2161 Βὲ
222 2063 297 2121 toriis
310 2065 462 2122 levitatibus
476 2064 576 2131 dediti,
595 2066 639 2121 alii
653 2066 828 2138 petulantes,
848 2064 930 2122 ualli
952 2068 1085 2139 audacet,

73 2122 170 2219 {22¹⁰
224 2141 360 2210 protervi,
379 2140 485 2199 viidem
498 2141 708 2215 intemperantes
741 2141 878 2214 &ignavi
899 2182 908 2208 ,
928 2160 1084 2221 numquam

74 2208 215 2287 montisauri
224 2214 253 2271 in
266 2212 397 2272 sententia
411 2230 609 2290 permanentes.
646 2232 711 2291 quas
726 2217 763 2275 ob
776 2215 865 2273 causas
878 2217 907 2274 in
927 2235 1031 2279 eorum
1047 2223 1086 2281 vi·

73 2301 146 2347 MSS.
224 2300 251 2346 ta
266 2290 338 2348 nulla
353 2291 389 2347 est
403 2292 579 2366 intercapedo
594 2292 734 2350 molestiae.
772 2292 857 2366 Igitur
876 2310 971 2368 neque
991 2296 1087 2355 stulto·

74 2374 90 2409 V
111 2362 217 2429 itemque
225 2382 287 2427 rum
302 2367 447 2449 quisquam
469 2368 586 2441 beatus,
604 2385 696 2451 neque
719 2368 871 2444 sapientum
903 2388 964 2430 non
985 2372 1086 2433 beatiss

74 2425 108 2477 et.
119 2441 166 2477 ves.
496 2503 505 2513 ·
1015 2448 1086 2508 ΠΜ,
1129 2490 1131 2502 Ι

255 2643 292 2686 75.
309 2631 543 2694 Nemorssgt'turestnon
558 2632 641 2694 misen]
672 2637 753 2682 Eorum
767 2651 807 2681 non
825 2631 889 2693 miser
908 2629 981 2682 habet
1003 2646 1088 2685 manu·

221 2687 393 2754 seriptusliber.
426 2697 499 2755 vrfin.

253 2762 291 2807 76.
308 2762 360 2804 Eece
369 2771 440 2805 autem
450 2763 494 2806 alii
501 2761 582 2807 minaei
587 2761 612 2812 ἐγ
618 2758 709 2823 angusti,
718 2770 755 2804 aut
765 2759 837 2803 omnia
843 2756 924 2819 semper
933 2756 1085 2820 desperante]

223 2815 359 2927 {odduceuda
368 2820 458 2871 videtur
472 2822 585 2887 particula
593 2837 650 2880 aut,
669 2835 720 2885 quae
731 2817 792 2869 abest
804 2819 818 2869 ὶ
831 2816 990 2885 manuscripto
996 2820 1087 2873 codice.

253 2898 294 2933 tm.

145 2935 149 2944 Ι
257 2962 294 3000 77.
313 2946 372 2993 tAlt‘t'
383 2948 483 3002 andater,
494 2948 603 3008 protervi,
619 2946 684 2990 iidem
693 2947 790 3007 intemp.]
800 2949 877 2993 Locus
888 2940 1019 3005 suspeffls,
1031 2960 1088 3001 nm

223 3011 312 3056 arrdaees
332 3024 386 3057 cum
407 3011 537 3072 protervis,
558 3006 733 3071 petulantibus,
748 3006 957 3072 intemperantibus
978 3011 1006 3057 δι
1024 3008 1088 3059 fimi·

224 3068 285 3118 libus
296 3071 354 3119 nihil
366 3072 529 3120 habenfintet
541 3074 564 3119 le
580 3084 713 3119 commune.
745 3072 834 3117 audaces
848 3069 912 3117 enim
929 3066 983 3118 sunt
999 3070 1089 3131 ίιωὶἰ,

224 3133 381 3192 percussores,
398 3132 527 3196 patricidae:
540 3137 637 3195 protervi
648 3166 655 3188 ,
667 3135 782 3194 petulanter
793 3135 837 3186 dc.
859 3130 910 3181 sunt
925 3130 1048 3183 libidiuofi
1062 3136 1090 3185 de

123 3192 131 3201 '
224 3197 352 3260 voluptarii
362 3197 479 3247 homines.
495 3201 572 3253 Quare
582 3194 613 3245 fic
623 3195 671 3259 legi
681 3196 768 3251 velim,
779 3195 862 3246 deletis
872 3192 961 3243 duabus
976 3196 1091 3255 vocitat.

139 3268 147 3283 ¹¹
223 3261 267 3305 alr'r'
281 3260 385 3313 audaces,
407 3261 451 3305 alii
462 3262 596 3319 petulantes,
608 3261 719 3321 protervi,
729 3263 899 3323 intemperantes,
915 3259 984 3305 iidem
994 3264 1075 3323 a'gtuvt'
1083 3292 1093 3319 ,

223 3337 331 3380 nitetquam
342 3324 364 3365 in
373 3322 476 3380 sententia
484 3334 633 3380 permanentes.
650 3319 758 3371 Lambin.
780 3324 847 3370 ollii
856 3320 960 3377 audate,
973 3326 1090 3383 prettrm',

221 3385 308 3441 iidem]
323 3383 389 3445 ldaln
399 3383 447 3431 baee
457 3396 532 3431 mutat
543 3380 748 3441 Lambinus,nam
759 3383 843 3442 verbo,
854 3380 976 3449 quodvult
984 3380 1094 3443 ,imbus-

221 3445 249 3503 (ο
265 3462 315 3500 uon
325 3445 429 3501 toustllit
440 3446 541 3499 austeris
550 3443 679 3499 antithesis.
711 3448 798 3499 crue.
1066 3516 1081 3563 Ι

1008 3518 1050 3571 78.
1079 3526 1094 3563 u
