2318 3914
100 184 128 233 ·.··.
218 168 408 237 Lrnan
449 167 784 241 Sneunnus.
859 188 938 257 240¹

88 296 238 360 uamquam
266 280 301 340 ab
329 279 371 339 his
392 276 595 354 philosophiam
628 283 658 341 δι
688 298 787 340 omues
806 282 834 340 in
853 288 1084 352 enuasmxtur,

67 301 217 436 disciplinas
229 358 374 419 babemus.
412 354 460 414 sed
472 367 569 415 tamen
582 356 619 415 est
631 357 751 433 aliquid,
770 299 853 434 quor}
859 360 939 421 nobit

68 454 129 497 non
143 435 245 506 liceat,
264 435 348 493 liceat
361 432 421 492 illie
458 431 585 508 Pugnant
607 434 692 492 Stoici
703 451 778 491 cum
802 434 941 510 Peripate·-

60 514 135 587 ‘ticin
170 510 248 572 alteri
269 521 373 585 negant
393 507 546 586 quidquam
568 506 621 568 esse
642 510 843 581 bonum,nis1
864 510 943 588 quod

67 588 214 649 honestum
235 588 278 647 sit.
306 584 419 656 alteri,
443 585 594 661 plurimum
614 585 665 657 se,
695 588 725 646 δι
738 585 822 662 longe
848 586 944 664 longe-

68 683 123 741 que
136 666 291 742 plnrimum
304 661 423 741 tribuere
435 662 588 732 honestati,
606 662 653 723 sed
674 674 770 723 tamen
793 664 823 722 δι
836 665 865 722 in
881 680 943 725 cor-

66 758 156 816 pore,
175 745 207 800 lit
221 738 323 807 extri,
341 736 394 798 esse
407 738 536 817 quedam
556 739 638 799 bona.
677 741 714 799 Et
734 742 944 815 certamenlro-

66 818 198 885 nestum,
218 819 250 875 &
263 814 407 891 disputatio
419 814 572 892 splendida:
593 818 685 876 omnis
694 817 731 876 est
745 818 821 877 enim
837 816 872 876 de
887 818 943 877 vir·

68 896 136 952 tutis
158 893 292 969 dignitate
311 893 463 952 contentio.
502 903 530 951 at
549 910 615 952 cum
635 895 688 953 tuis
709 891 794 952 dciam
816 891 963 962 differant
976 890 1059 948 mdis·

69 969 161 1029 multa
174 968 235 1028 sunt
248 966 381 1028 audienda
394 970 477 1028 etiam
493 969 529 1028 de
542 969 676 1030 obscoenis
688 969 890 1048 voluptatibus,
905 970 941 1031 de
948 961 1001 1010 MS·

71 1046 173 1122 quibus
188 1045 222 1105 ab
235 1046 356 1121 Epicuro
369 1043 511 1122 saepiffime
524 1045 633 1107 dieitur.

113 1121 182 1209 Non
195 1134 274 1198 potes
286 1121 514 1210 anguillarum,
534 1122 696 1200 Torquate,
716 1124 785 1183 mihi
800 1125 900 1196 crede,
920 1126 989 1217 1169
1092 1146 1095 1151 ·

73 1210 104 1257 te
121 1197 176 1272 rpse
190 1241 199 1269 ,
219 1198 249 1257 &
261 1210 319 1258 tuas
333 1200 532 1275 cognationes,
551 1199 678 1260 &studia
692 1201 863 1276 perspexeris.
890 1221 944 1279 pu·

76 1273 152 1333 debit
165 1283 209 1345 te,
228 1275 361 1352 iuquam,
380 1275 449 1334 illius
462 1276 580 1346 tabnlae,
600 1294 685 1353 quam
700 1278 863 1349 Cleanthes,
878 1277 941 1339 sane

76 1350 253 1421 commode,
271 1351 361 1411 verbis
375 1350 522 1428 depingere
536 1352 645 1412 solebat.
683 1354 797 1426 Jubebat
810 1372 877 1424 eos,
894 1357 944 1431 qui

75 1427 237 1497 audiebant,
255 1427 352 1516 secum·
368 1426 438 1503 ipsos
459 1430 581 1518 cogitare
601 1430 702 1505 pictam
716 1432 744 1488 in
759 1430 847 1519 tabula
863 1433 944 1519 volu·
1035 1438 1038 1445 '

36 1652 39 1661 ,
74 1503 580 1669 instabilitatibus
594 1507 944 1658 altillttlstullt

74 1656 114 1717 hrl
127 1657 201 1730 alrud
214 1667 343 1734 agerent,
362 1655 468 1715 nullum
480 1658 559 1717 suum
575 1657 699 1716 officium
719 1658 850 1718 ducerent
866 1703 874 1728 ‚
894 1657 945 1717 nist

76 1746 109 1793 ut
124 1733 258 1809 voluptati
271 1732 474 1803 ministrarent,
492 1736 561 1792 90&
584 1750 646 1791 eam
666 1733 771 1792 tantum
792 1735 827 1792 ad
848 1753 944 1794 aurem

76 1811 288 1879 admonerent,
307 1807 340 1884 (fi
360 1809 449 1883 qub
469 1809 498 1867 id
519 1808 624 1885 pletura
644 1809 756 1885 intelligi
775 1808 880 1883 posset)
912 1825 944 1871 ut

78 1896 207 1956 careret,
225 1885 330 1962 nequid
348 1884 512 1959 eperliceret
530 1883 711 1959 imprudens,
730 1886 807 1961 quod
821 1885 965 1946 oriende-e
979 1889 1067 1941 faceret

47 2015 50 2023 ,
78 1976 122 2022 ret
135 1961 434 2030 animoshominum,
460 1972 506 2019 aut
520 1960 697 2037 quidquam,
717 1959 733 2017 ὲ
754 1977 811 2034 quo
833 1957 1006 2022 ornemus·
1101 1956 1109 1965 '

78 2038 176 2117 aliquis
189 2037 281 2098 dolor.
318 2036 380 2097 Nos
392 2034 505 2112 quidem
522 2037 651 2107 virtutes,
670 2036 708 2095 src
721 2035 948 2113 napaesumus,ut

79 2116 130 2175 tibi
142 2116 322 2175 serviremus:
340 2112 414 2172 aliud
426 2115 439 2155 f
443 2113 548 2189 negotii
561 2113 629 2172 nihil
641 2112 783 2173 habemus.
858 2191 911 2250 XX
927 2191 940 2252 I
956 2108 1066 2223 {ruffi

28 2390 33 2403 ,
83 2389 140 2424 ceto
150 2373 177 2425 sn
187 2384 248 2424 orat.
258 2371 283 2422 sn
293 2372 335 2424 ris.
348 2385 416 2422 antea
426 2368 573 2436 incognitam
588 2405 595 2428 ,
611 2368 767 2436 aperuissem,
782 2368 872 2421 saelum
885 2368 918 2418 esl
928 2383 954 2420 ut

54 2490 56 2494 Α
82 2438 122 2488 bic
144 2439 211 2487 loeus
220 2434 330 2486 manserit
339 2437 453 2484 incuratus
470 2435 616 2498 minimdque
632 2449 749 2501 purgatus.
765 2439 849 2498 Nuper
860 2446 958 2489 antem,

84 2514 141 2549 curn
155 2503 181 2551 in
193 2514 223 2548 eo
233 2497 320 2556 essem,
331 2512 356 2547 ut
368 2502 428 2546 hanc
439 2496 564 2547 secundam
588 2497 718 2546 editionem
736 2499 831 2546 molirer
851 2511 878 2544 ac
888 2510 957 2559 para·

84 2579 150 2621 tem,
164 2562 323 2616 commodum
333 2560 419 2610 Claud.
432 2572 544 2611 ruteanua
556 2574 594 2608 me
605 2560 743 2616 admonuit,
753 2560 788 2617 se,
803 2575 858 2609 cum
869 2564 955 2608 Roma

85 2624 144 2676 essct
157 2661 165 2682 ‚
181 2627 194 2674 a
206 2629 302 2674 Muteno
315 2623 442 2688 accepisse,
459 2624 492 2672 ita
503 2622 654 2687 {quodam
670 2626 733 2682 cuins
746 2620 835 2673 nom'en
846 2635 955 2677 tacetur.
970 2656 972 2662 »

63 2703 67 2709 ’
86 2688 133 2738 esse
143 2688 296 2738 emendatum
308 2702 338 2751 er
350 2702 371 2735 v.
383 2701 403 2735 c.
420 2686 540 2739 Themista.-
557 2685 681 2747 quomodo
693 2685 757 2734 certb
769 2685 828 2740 scio,
844 2696 958 2740 me,eum

87 2751 192 2802 adhunc
203 2752 284 2799 locum
294 2747 444 2814 pervenissem
456 2784 463 2807 ,
479 2747 546 2798 suiffe
558 2764 611 2798 mea
622 2749 705 2812 sponte
716 2763 740 2797 re
756 2747 876 2796 ofitnrum.
902 2745 962 2794 sacl-

87 2816 114 2866 le
125 2830 181 2864 cum
191 2814 299 2863 vidissem
311 2812 351 2861 hic
362 2811 485 2877 fignificari
497 2813 619 2867 mulierem
630 2813 697 2861 iilam
712 2846 719 2866 ‚
735 2763 765 2859 Xe
776 2825 823 2871 qua
837 2822 888 2857 tam
898 2808 962 2856 mul·

86 2888 114 2927 ta
129 2875 274 2941 collegissem
291 2877 316 2924 in
332 2875 570 2924 commentationibus
585 2877 610 2924 in
628 2875 749 2924 AEmilium
763 2871 876 2928 nobum,
893 2873 917 2920 δι
933 2872 960 2921 in

90 2938 190 3005 hisipsis
202 2941 265 2989 notia
277 2939 456 2994 Ciceronianis,
472 2938 501 2986 ad
516 2937 596 2987 locum
614 2937 701 2993 illum,
723 2937 764 2997 qui
780 2933 813 2982 est
825 2934 850 2982 in
861 2946 920 2982 orat.
934 2932 961 2985 in

89 3001 135 3054 Pis.
152 3012 196 3052 Nec
206 3021 256 3051 vero
267 3001 391 3059 contemfisti
398 3039 403 3053 ,
421 3004 469 3046 sicar
480 3002 511 3060 fir
524 2999 630 3058 Themisti
645 3002 776 3063 sapientiam
793 3011 865 3057 quem
880 2996 963 3047 locum

91 3067 133 3116 alii
146 3079 281 3130 corruptum
290 3059 337 3114 esse
349 3064 527 3120 existimarunt,
544 3065 568 3112 ln
584 3064 621 3112 his
636 3059 773 3111 Turnebus:
788 3061 827 3109 alii
839 3059 918 3124 inepcb
934 3063 962 3111 dt

93 3126 191 3178 ridicule
202 3130 354 3193 explicarunt.
372 3127 495 3174 Lambinus.
527 3132 562 3174 De
571 3124 679 3183 Themista
688 3127 768 3183 haul]
782 3123 882 3188 Vulgata
888 3123 961 3173 Ῑεᾶἰο

94 3192 236 3242 Themistocle.
260 3192 339 3240 minus
361 3188 423 3239 telle
450 3192 474 3238 δι
490 3202 571 3237 contra
587 3190 693 3250 quinque
709 3187 843 3244 Palatinos,
858 3201 961 3249 quorum

93 3255 336 3320 pleriqueTbamistio‚
354 3267 391 3301 ant
404 3252 518 3308 Tamesae,
535 3253 622 3314 primus
633 3250 689 3300 verb
698 3251 822 3310 Themista,
838 3251 961 3312 cltrnptiua

94 3315 299 3439 fnissetstrtmtsta
316 3316 465 3366 consulantur
471 3328 534 3365 nota
544 3312 711 3365 Lambininnae.
728 3329 785 3364 nam
793 3317 818 3364 δι
829 3314 912 3377 scalig.
919 3311 962 3361 lib.

96 3383 177 3432 Themi
193 3395 214 3429 a.
247 3382 339 3430 Gruter.
615 3414 617 3419 -

129 3461 167 3498 9ο.
189 3447 219 3490 Bt
226 3458 273 3489 m
283 3458 366 3490 rantum
376 3445 406 3489 ad
421 3459 493 3491 aurem
504 3439 660 3500 admoveram]
674 3441 741 3492 Cotti
760 3442 846 3489 endum
855 3435 967 3496 ,auclore
996 3483 1000 3488 ,

96 3506 161 3559 libro
171 3504 343 3572 mauul'c'tipw.
358 3508 622 3560 &attramentarium
632 3507 677 3559 &o
709 3511 729 3556 U
778 3540 785 3554 .

461 3605 465 3610 -
508 3574 683 3635 Pataram
724 3634 746 3662 s
874 3567 967 3618 Μ*
1056 3660 1059 3665 .
