2318 3914
249 158 330 223 2292
432 138 629 206 Aen-neu.
659 137 972 222 Qonsrrouuu
1021 136 1028 148 ‘

166 242 170 250 ’
248 253 324 326 loni,
343 252 390 317 aut
403 256 586 327 Metrodor0,
606 256 736 325 eredens,
754 256 810 314 boc
823 256 908 331 magis
921 256 956 315 ab
975 274 1014 315 eo
1029 257 1117 337 dispo·

247 345 335 394 tatum
355 334 440 413 quam
454 337 600 411 probatum
614 347 691 408 puto.

204 427 240 487 79
283 410 373 469 XXV.
394 413 464 471 Snn
486 433 526 470 rr>
546 412 715 470 omittamus.
754 407 823 468 Illud
837 406 928 477 certe,
948 411 1118 486 opinatione

246 487 278 544 &
292 490 469 563 perceptione
489 489 609 556 sublata,
635 486 755 562 sequitur
777 487 903 543 omnium
925 485 1114 549 affenfionum

241 566 383 622 retentio:
404 576 450 633 ut,
470 565 490 623 fi
505 563 650 623 ostendero
664 562 732 620 nihil
745 559 820 636 porse
841 563 968 636 percipi,
989 576 1023 623 tu
1044 582 1114 625 con·

240 638 321 697 cedas
335 658 486 715 numquam
504 638 667 698 assensurum
682 634 745 695 eise.
783 638 861 713 Quid
875 655 941 712 ergo
955 640 1012 708 est,
1032 640 1111 717 quod

241 716 344 788 percipi
359 716 454 790 possit,
474 715 494 772 fi
507 735 542 773 ne
558 715 645 774 sensus
657 713 771 789 quidem
786 731 850 772 veta
870 716 1021 774 nuntiant?
1043 735 1113 793 quot

242 802 291 857 tu,
312 792 450 859 Luculle,
475 793 621 850 communi
638 792 705 849 loco
726 789 858 851 defendis.
897 792 999 866 rqnod
1027 812 1067 852 ne
1085 794 1111 855 id

243 868 336 925 facere
350 865 459 941 poffes,
478 868 582 925 idcirco
606 869 664 926 beri
689 884 747 926 non
768 863 915 925 necessario
929 867 998 927 loco
1012 884 1110 929 contra

243 942 332 1002 sensus
346 958 402 1002 tam
418 945 501 1001 multa
517 944 654 1002 dixeram:
675 956 705 1001 tu
726 955 817 1001 autem
839 954 867 999 te
888 960 970 1017 negas
990 946 1111 1006 infredo

245 1035 342 1085 remo,
362 1038 452 1095 neque
467 1020 606 1078 columbae
619 1021 692 1078 collo
705 1019 889 1078 commoveri.
908 1019 1110 1093 pnmirmcutd

246 1113 312 1153 nam
327 1100 357 1153 dt
370 1098 397 1153 in
412 1114 492 1154 remo
505 1096 591 1154 sentio
605 1114 663 1154 non
677 1093 730 1153 eise
744 1094 771 1152 id
789 1138 798 1164 ,
817 1093 894 1171 quod
915 1095 1061 1156 videatur:
1081 1098 1109 1161 &

245 1171 274 1228 in
296 1171 423 1229 columba
446 1172 532 1246 piures
552 1172 638 1229 videri
660 1171 790 1241 colores,
816 1188 868 1228 nec
889 1167 942 1227 erre
963 1172 1026 1247 plus
1043 1191 1107 1235 uno.

244 1246 345 1304 deinde
358 1248 461 1306 nihilne
475 1262 604 1322 praeterea
618 1248 735 1306 diximus
750 1245 762 1302 ἓ
784 1258 913 1305 maneant
931 1245 977 1307 illa
992 1252 1108 1311 omnia:

244 1322 364 1382 sincerat
378 1324 423 1382 ista
439 1324 530 1393 causa;
551 1341 661 1382 veraces
673 1323 733 1381 suos
752 1321 805 1381 effe
825 1321 910 1380 sensus
924 1323 1001 1381 dicit.
1023 1325 1109 1401 Igitur

242 1398 348 1473 semper
362 1400 504 1458 auctorem
518 1400 616 1468 habes,
636 1401 746 1457 &eum
762 1441 770 1467 ,
789 1401 836 1474 qui
851 1415 954 1472 magno
968 1398 1021 1458 suo
1037 1404 1108 1476 peri-

96 1504 114 1553 q
132 1486 235 1538 demittit
243 1476 307 1533 culo
321 1477 426 1535 causam
441 1490 510 1551 agat.
549 1475 584 1533 eb
598 1477 673 1533 enim
687 1493 744 1532 rem
758 1475 893 1533 adimitur
912 1474 1070 1547 Epicurus,
1087 1478 1106 1539 n

95 1555 152 1605 Viti.
243 1568 313 1610 nnus
333 1551 420 1611 sensus
438 1552 522 1610 semei
541 1554 570 1610 in
591 1554 646 1611 vita
668 1551 797 1609 mentitus
811 1550 867 1618 srt,
885 1550 952 1609 nulli
966 1568 1106 1630 umquam

246 1626 300 1685 effe
315 1629 492 1687 credendum.

197 1703 234 1761 80
280 1705 347 1761 Hoc
367 1704 403 1762 est
422 1722 519 1762 verum
534 1701 610 1771 effe,
631 1702 771 1761 confidere
788 1702 838 1761 suis
853 1702 960 1761 testibus
980 1705 1014 1764 bt
1034 1708 1105 1767 rim-

94 1780 150 1893 322
161 1779 359 1913 'pfflportune
385 1781 510 1839 insistere.
547 1781 643 1912 Itaquse
664 1780 829 1912 Timaffiras
849 1780 1002 1915 {picureusl-
1022 1796 1106 1861 negat

227 1875 234 1891 ο
685 1868 696 1898 S

93 1906 189 2017 3332,
242 1857 1105 2009 dii}iiiiirffbbiiiibniibif'eff2²⁸m{ia2¹{iii.ff¹}

97 2036 153 2081 vera.
241 2026 298 2067 non
313 2009 466 2068 octdorum.
504 2009 577 2087 quasr
590 2022 743 2085 quaeratur,
762 2006 828 2084 quid
843 2006 890 2075 srt,
909 2018 969 2066 non
983 2011 1055 2085 quid
1063 2012 1104 2072 vi-

92 2084 342 2145 tflamurasdeatur.
381 2086 432 2143 Sed
453 2087 499 2144 hic
520 2085 631 2162 quidem
647 2087 784 2161 majorum
805 2083 903 2142 similis.
941 2083 992 2142 Tu
1015 2086 1102 2160 verd,

91 2160 143 2231 us.
181 2224 186 2234 ¹
260 2162 286 2218 ui
301 2160 354 2217 visa
368 2160 482 2219 senfibus
495 2162 545 2219 alia
559 2178 622 2218 vera
636 2160 709 2218 dicas
728 2160 782 2219 effe
797 2202 805 2228 ,
824 2161 875 2219 alia
896 2158 980 2218 falsa:
1002 2162 1056 2239 qui
1068 2182 1100 2224 ea

90 2234 199 2337 ἂψ
238 2178 401 2310 distinguis?
421 2237 512 2295 desmc
527 2280 536 2306 ,
554 2237 649 2314 quaeso
662 2237 884 2324 ,communibus
903 2236 980 2293 locis.
1021 2239 1101 2300 dorni

89 2318 145 2394 yffi·
235 2311 314 2369 nobis
327 2312 372 2369 ista
386 2313 538 2372 nascuntur.
576 2313 603 2370 Si
618 2325 697 2388 'qurs
711 2312 775 2370 deus
788 2326 816 2370 te
838 2326 941 2370 interro
960 2324 990 2371 et
1005 2354 1015 2381 ,
1034 2314 1099 2375 sanis

88 2421 106 2454 x
120 2379 208 2459 d'efide
236 2386 324 2446 modb
351 2390 381 2447 bt
403 2390 512 2469 integris
525 2388 656 2460 sentibus,
676 2406 743 2447 num
758 2386 872 2463 amplius
887 2328 960 2466 quid
968 2400 985 2431 ¹
994 2389 1099 2451 deside·

87 2474 178 2523 marr.
594 2536 596 2540 ¹
1026 2466 1097 2529 ru?

259 2671 282 2711 4,
298 2654 365 2717 Qui
373 2675 398 2704 ne
407 2659 431 2704 id
442 2657 576 2721 facerepoffit
585 2652 643 2713 dm]
661 2660 713 2705 Vox
725 2657 749 2703 id
758 2655 876 2706 Lambdno
893 2653 988 2720 probati
997 2654 1038 2707 hic
1051 2656 1096 2707 mi·

231 2731 275 2764 nus
297 2731 397 2780 poterat.
430 2735 476 2785 ego
493 2737 543 2769 non
558 2733 668 2783 mutem,¹
687 2719 752 2781 qubd
766 2719 795 2767 ei
810 2717 927 2768 interdurn
940 2718 979 2767 vel
996 2732 1092 2771 ornatur

121 2816 126 2831 ,
229 2791 340 2837 tantum,
357 2783 394 2829 vel
404 2797 432 2830 ex
451 2786 509 2831 term
520 2783 605 2831 oratio.
633 2782 663 2828 tic
678 2781 996 2844 interprerawrnominarim
1010 2787 1093 2833 Dona·

229 2854 267 2889 tus
277 2845 338 2903 apud
348 2850 484 2894 Terentrum
495 2847 519 2892 in
531 2846 577 2892 illis
588 2861 595 2890 ι
617 2847 643 2890 td
653 2847 725 2889 amabo
735 2847 828 2901 adim,
854 2862 894 2906 qao
905 2845 929 2891 id
939 2843 981 2903 fiat
992 2844 1091 2901 faca'liur.

225 2905 265 2953 vei
274 2903 305 2953 fic
315 2920 438 2969 utrumque
449 2905 557 2971 expreffit
573 2908 659 2956 Cicero
672 2907 823 2963 antecedens,
838 2920 864 2955 ut
876 2906 1036 2957 Grammatiei
1049 2922 1092 2961 vn·

225 2980 298 3024 cant,
314 2972 340 3018 bt
350 2972 493 3026 relativum,
516 2968 639 3034 quomodo
650 2968 717 3018 Tusc.
730 2985 764 3018 ιιι.
786 2971 849 3031 Qid
864 2971 892 3029 est
906 2972 982 3026 enim,
999 2984 1041 3044 qno
1052 2987 1091 3018 nu

164 3072 167 3079 ,
220 3033 369 3093 progrediatur
379 3036 448 3080 eadem
460 3039 512 3087 ira,
529 3050 569 3097 quo
582 3034 669 3083 furor?
692 3044 731 3080 aut
751 3029 876 3096 quomodo
892 3031 986 3080 Plautus
1002 3046 1027 3080 ln
1038 3033 1090 3083 Tfi·

223 3107 325 3141 nummo
340 3094 370 3143 de
383 3094 469 3144 furibus
483 3096 530 3144 illis
545 3093 694 3159 insignibus,
722 3108 783 3157 quos
799 3092 831 3144 ibi
848 3105 985 3152 memorat.
1001 3110 1090 3159 qum

223 3171 294 3201 eoram
306 3172 360 3201 unm
366 3157 472 3215 surripuit
482 3160 575 3205 currenti
583 3157 747 3218 cursarisolnnt.
779 3162 802 3206 1².
810 3156 889 3206 Faber.

257 3233 279 3271 5.
295 3223 385 3266 Laccrnt
406 3220 445 3279 asta
464 3221 551 3278 causae
582 3223 674 3267 vermis
696 3221 753 3278 dra]
780 3223 851 3268 Notae
878 3218 929 3268 sunt
949 3220 1089 3277 confestum

223 3278 334 3329 Lambini
344 3284 370 3331 bt
379 3287 399 3330 r.
413 3284 514 3330 uanurii.
524 3282 580 3332 Pali.
589 3283 647 3332 nihii
658 3283 752 3339 juvant,
767 3280 881 3403 nifiqdmd
889 3281 955 3331 abeat
965 3282 981 3331 “a
992 3282 1090 3347 vulgato

222 3340 266 3391 sec.
281 3342 422 3405 habeatque,
438 3344 475 3403 iste
484 3347 547 3406 causa
557 3352 630 3394 veraci
638 3347 683 3397 dac.
700 3348 793 3396 Gruter.
844 3346 913 3392 uehar
922 3344 1037 3394 emendat
1050 3350 1091 3394 ie·

222 3415 271 3453 trus
282 3404 368 3461 Faber,
381 3407 516 3463 coniectura
526 3407 655 3456 admodum
666 3407 788 3469 probabili.
806 3408 923 3460 Vistotius
932 3406 1000 3459 dedit
1010 3412 1090 3457 tam

125 3476 130 3486 '
221 3467 696 3535 astamusavermissuaasensusffdicat.
992 3544 1015 3589 ί.
1034 3500 1089 3588 ὦ
