2318 3914
202 95 777 181 *IrrnurtQunurue
878 109 961 176 2799

81 202 228 268 molestiae.
272 205 380 285 Quibus
408 209 489 284 igitur
510 207 659 268 rationibus
678 208 800 266 instantia
815 206 957 275 feruntur,

78 280 188 341 eisdem
203 297 421 344 contemnuntur
434 285 583 360 sequentia.
621 301 694 359 nam.
707 283 858 342 videndum
874 282 910 340 est
926 284 955 340 in

76 358 220 436 utrisque,
240 360 358 438 nequid
373 361 496 428 humile,
515 356 732 427 bsurnmissnm,
753 359 856 426 molle,
876 357 976 416 effre-t>
991 363 1094 423 subniti

78 433 236 506 minatum,
269 438 388 496 stadium
414 435 610 513 abjediumque
627 436 766 494 faciamus.
787 435 841 493 Sed
857 432 1016 510 quam-M&

75 516 164 582 quam
179 511 214 571 de
226 511 307 588 ipfius
323 511 414 572 metris
432 511 637 582 inconstantia„
656 511 867 578 imbecillitate,
886 511 956 569 levi·

75 593 136 643 tate
151 586 302 649 dicendum
319 589 383 660 est,
408 602 504 649 tamen
527 590 646 648 multum
668 587 798 663 prodeli,
819 604 869 655 ea,
888 603 954 672 quae
983 592 987 605 ¹

73 672 258 734 metuuntur,
277 664 332 739 ipsa
348 678 539 725 contemnere.
578 666 676 741 Itaque
693 705 702 732 ‚
722 664 778 722 live
798 663 860 721 casu
879 680 954 747 accr-

73 733 136 806 dit,
157 739 213 812 srve
227 741 343 807 consilio
359 785 367 810 ,
385 741 589 817 percommode
611 741 716 800 fadum
740 739 801 808 est,
821 739 898 815 quod
913 757 952 797 ers
981 744 984 751 ’

73 809 113 870 de
131 815 227 885 rebus,
247 836 312 894 quae
328 817 453 877 maxime
477 830 663 886 metuuntur,
683 817 718 875 de
747 828 839 874 morte
864 815 950 873 &de

68 886 192 961 dolore,
227 893 318 970 primo
345 895 374 952 ὅ(
390 896 519 971 proximo
534 895 578 953 die
602 894 766 969 disputatum
790 892 836 950 eli.
874 895 951 964 Quae

72 962 223 1040 stprobata
238 970 322 1042 lunt,
342 984 421 1031 metu
453 987 553 1047 magna
575 988 610 1028 ex
631 969 831 1045 parte-liberari
851 966 952 1026 sumus.

63 1039 122 1099 ·Ac
135 1042 170 1102 de
186 1045 323 1106 malorum
356 1048 490 1124 opinione
515 1045 655 1106 hedenus.

48 1140 51 1150 ·
112 1119 215 1181 XXXI.
235 1124 447 1184 Vrotrnus
468 1141 543 1183 nunc
557 1122 593 1182 de
606 1124 767 1192 bonorum,
786 1122 814 1182 id
830 1122 892 1189 est,
912 1121 946 1180 de
955 1126 989 1200 65

66 1191 165 1256 laetitia
186 1201 215 1257 ὃς
237 1200 272 1259 de
287 1227 289 1231 ·
303 1201 460 1276 cupiditate.
500 1200 574 1258 Mihi
588 1200 701 1275 quidem
715 1201 746 1258 in
765 1212 825 1259 tota
838 1201 945 1258 tatione

68 1286 124 1340 εἰ,
144 1291 208 1350 quae
223 1278 340 1350 pertinet
354 1277 389 1335 ad
402 1279 488 1337 animi
508 1276 767 1352 perturbationem,
787 1286 880 1333 9runa
899 1292 942 1334 res
1014 1292 1016 1296 ·

68 1346 182 1420 videtur
195 1351 302 1411 caulam
319 1355 461 1413 continere
478 1397 487 1423 ,
507 1350 606 1412 omnes
620 1370 664 1410 eas
678 1349 731 1410 elie
744 1352 773 1410 in
788 1351 877 1410 nollra
891 1369 943 1426 po-

67 1423 184 1494 testate,
203 1444 303 1487 omnes
318 1429 426 1504 judicio
448 1430 602 1504 susceptas,
632 1445 732 1488 omnes
767 1429 941 1487 voluntariasr

71 1498 132 1558 Hic
145 1502 227 1578 igitur
242 1523 316 1564 error
331 1505 367 1564 est
382 1507 551 1581 eripiendus,
571 1505 633 1564 haec
647 1504 813 1563 detrahenda
828 1504 941 1578 opinior

68 1585 155 1650 atque
168 1591 200 1638 ut
218 1581 247 1639 in
269 1582 346 1641 m'alis
383 1584 501 1658 opinaris
532 1583 723 1640 ctolerabilia:
744 1579 781 1639 fic
801 1580 1086 1649 inbonis,cr01erabi·

65 1649 201 1717 sedatiora
216 1657 277 1718 sunt
292 1660 435 1718 efficienda
457 1678 513 1728 ea,
546 1676 611 1733 quae
637 1675 737 1733 magna
763 1660 792 1716 &
813 1654 1060 1725 laetabilr'alioraarin

65 1727 206 1791 dicuntur.
246 1737 340 1811 Atque
354 1736 409 1793 hoc
444 1735 537 1792 uidem
559 1752 714 1792 commune
742 1733 878 1791 malorum
906 1735 936 1793 δὲ

69 1801 228 1866 bonorum:
249 1821 297 1880 ut,
317 1810 337 1868 fi
354 1811 411 1884 jam
423 1754 535 1869 difficile
557 1808 588 1866 srt
608 1808 789 1884 persuadere,
809 1810 876 1868 nihil
890 1828 937 1868 ea·
986 1834 989 1840 ·

66 1896 130 1949 rum
146 1899 263 1955 rerum,
303 1905 347 1944 uae
368 1886 526 1961 perturbent
546 1885 696 1953 animum,
716 1898 762 1943 aut
784 1887 810 1943 in
832 1887 936 1955 bonis,

66 1967 115 2014 aut
129 1959 158 2016 in
172 1962 249 2020 malis
260 1904 312 2020 elie
325 1963 500 2030 habendum,
514 1975 608 2022 tamen
621 1960 672 2020 alia
680 1960 716 2020 ad
723 1962 806 2019 alium
822 1973 933 2020 motum

65 2037 173 2093 curatio
186 2035 219 2095 srt
232 2037 405 2108 adhibenda,
422 2040 526 2115 aliaque
548 2041 654 2098 ratione
673 2035 863 2108 dmalivolus,
883 2039 954 2098 aliad
970 2053 1047 2101 male·

68 2123 195 2180 amator,
216 2114 265 2173 alia
283 2118 369 2174 rursus
383 2116 502 2185 anxius,
525 2116 586 2174 -alia
606 2113 718 2173 timidus
745 2115 929 2190 corrigendus.
939 2116 985 2165 vol.
997 2120 1064 2168 aru·

65 2199 150 2262 arque
165 2203 223 2248 erat
236 2193 334 2262 facile,
353 2192 514 2268 sequentem
527 2210 589 2250 eam
610 2192 764 2259 rationem,
783 2209 848 2268 quae
869 2209 926 2249 ma·
981 2184 1035 2242 ¹³²8·

66 2263 145 2336 xime
163 2266 291 2340 probatur
319 2269 355 2327 de
383 2270 462 2328 bonis
489 2272 517 2327 &
539 2268 639 2336 malis,
665 2285 766 2342 negare
795 2245 1069 2344 umquamoefflv‘

57 2336 159 2399 ‚laetitid
171 2342 243 2403 affici
255 2342 331 2420 polle
343 2343 518 2422 insipientem
535 2388 543 2416 ‚
563 2345 641 2422 qubd
657 2343 725 2404 nibil
738 2362 872 2422 nmquam
885 2347 935 2411 ha-

65 2413 142 2475 beret
157 2418 231 2479 boni.
883 2414 897 2453 ¹

112 2515 117 2525 ·
879 2499 933 2562 Sed

505 2630 518 2655 Ι

53 2710 61 2727 ,
92 2682 130 2723 93.
147 2675 199 2717 vna
210 2688 241 2719 res
250 2674 339 2723 videtur
347 2675 432 2734 causam
443 2677 564 2732 criminere]
585 2674 630 2723 Hic
641 2661 674 2721 eli
685 2666 756 2720 cardo
767 2686 844 2722 terum
856 2706 865 2729 ,
881 2674 929 2725 hoc

59 2743 150 2792 caput,
166 2733 204 2782 hic
214 2741 334 2786 vertuntur
345 2740 442 2793 omnia,
458 2738 483 2786 in
494 2738 541 2786 hoc
555 2750 606 2785 tora
621 2735 687 2783 causa
704 2734 826 2790 consistit,
847 2750 872 2784 ur
883 2739 929 2786 do-

57 2806 167 2851 ceamus,
184 2797 369 2860 perturbationes
378 2799 424 2850 effe
435 2800 578 2849 voluntarias
593 2802 619 2847 de
632 2798 711 2847 nolito
728 2798 814 2856 iudicio
825 2796 905 2862 suscipi
916 2820 925 2858 3

58 2854 163 2919 ideoque
174 2860 199 2907 in
211 2861 289 2911 uolira
300 2864 414 2924 potestate
424 2862 488 2920 eise,
505 2877 529 2911 ut
539 2877 577 2910 eas
589 2876 705 2926 ponamus
716 2860 772 2911 cium
782 2860 847 2910 liber.
881 2865 929 2913 boc

56 2919 156 2981 quidem
168 2918 269 2971 afferunt
281 2928 365 2982 Stoici,
381 2925 418 2976 sed
431 2927 575 2988 Peripatetici
590 2923 738 2975 contendunt
750 2956 759 2980 ‚
775 2921 871 2973 affedius
881 2927 928 2976 elle

55 2985 193 3042 naturales,
208 3001 257 3034 non
268 2988 432 3044 voluntarios.
447 2989 512 3050 quod
527 2991 553 3038 &
565 2985 640 3036 sensus
652 2987 786 3035 communis
795 2989 926 3050 proban&

55 3046 188 3096 viventium
200 3049 262 3097 tario
272 3048 432 3108 demonstrat,
445 3054 486 3112 qui
502 3052 587 3100 iisdem
602 3051 713 3098 omnibus
730 3047 850 3099 afferiibus
867 3066 927 3114 qua·

56 3107 153 3160 tiuntur.
185 3112 244 3170 Quis
257 3113 322 3161 enim
333 3126 361 3162 ex
374 3117 496 3162 uoluntate
509 3117 609 3163 moeret?
624 3115 678 3175 quis
693 3115 817 3161 ultroneus*
826 3116 928 3165 metuit?

54 3170 168 3233 gaudium
178 3188 276 3237 quoque
290 3178 314 3225 ὃ(
327 3177 441 3238 cupiditas
452 3191 481 3225 ex
493 3177 602 3225 inllinttu
614 3191 700 3225 naturae
718 3179 866 3238 proveniunt.
900 3181 925 3228 Si

56 3247 113 3280 vero
125 3232 180 3284 effer
191 3235 233 3285 iste
244 3237 389 3301 propofitio‚
406 3240 539 3288 voluntaria
551 3237 663 3294 hacelse,
679 3238 848 3288 consectarium
859 3239 926 3298 effer,

53 3307 80 3343 ut
91 3297 117 3343 in
130 3298 197 3346 nobis
207 3298 264 3349 effer
276 3302 318 3350 illa
329 3301 448 3364 deponere
459 3304 484 3350 bt
505 3303 593 3349 l'umere
610 3302 665 3351 eum
682 3304 814 3355 vellemus:
830 3303 869 3353 sed
880 3305 925 3352 Ci-

51 3372 109 3407 cero
121 3371 236 3474 tant}uam
250 3366 340 3413 Stoicus
351 3365 376 3414 id
385 3379 484 3415 conatur
501 3365 617 3423 atlerete,
633 3364 699 3430 quod
716 3367 923 3430 Peripateticorum

51 3420 162 3475 dolinna
183 3423 300 3478 ubnenn.
334 3431 433 3482 Βαναία.

468 3496 581 3556 ’lirrrrr
597 3509 627 3541 rr
662 3474 665 3479 γ
825 3507 863 3552 94.
881 3497 926 3539 Ho-
