2318 3914
257 116 337 196 2296
442 114 640 176 Acumen.
670 105 985 194 Quadriduule

253 225 379 288 senfibus.
398 229 486 305 pidor
502 228 593 298 videt,
613 246 679 306 quae
699 246 751 289 nos
769 246 828 289 non
849 225 1002 286 videmus:
1022 227 1074 298 br,

110 302 199 370 equid
213 367 227 378 ..
259 305 318 363 rnul
331 305 435 364 inflavit
447 305 588 376 tibicen,i
600 307 689 382 perito
702 322 815 364 carmen
828 321 843 362 a
881 303 992 363 oscitur.
1010 306 1079 379 ‘Qu

110 372 170 421 Μ
184 369 235 416 ⁴²³⁸·
259 381 316 439 hoc
329 394 424 441 nonne
438 382 547 440 videtur
560 389 656 441 contra
668 394 697 439 te
712 382 819 448 valere,
873 378 930 447 filie
944 380 1079 457 magnlsa

259 455 344 528 ficiis,
364 459 399 518 ad
412 473 475 536 quae
489 459 570 533 pauci
582 457 741 527 accedunt,
759 456 855 516 noliti'
882 455 981 515 uidem
1024 472 1079 517 eue

160 571 173 591 1
259 534 413 594 admodum
435 552 492 594 ,nee
513 535 624 604 videre,
643 551 696 592 nec
710 534 804 595 audire
818 475 959 608 possumus
974 530 988 592 i
1002 472 1075 606 ἥκω

258 612 407 688 praeclara,
423 623 529 688 quanto
544 611 659 673 artificio
673 605 739 670 esset
752 609 839 670 se'nsuu
861 609 968 669 nostros
988 616 1079 670 ments

282 706 318 746 ue
337 691 367 748 ὃ(
387 701 476 749 totam
497 687 730 747 'consttudlionem
742 682 868 746 hominis
880 685 1014 746 fabricata
1027 698 1079 746 nat

217 706 1073 848 87{utnonextimescamopinanditemerita'tedetiamue

262 842 397 902 affirmare
411 854 507 917 potes,
535 840 665 911 Luculle,
687 836 740 898 effe
754 840 789 899 ali
809 856 873 897 uam
888 840 966 909 vim,
986 838 1079 918 cuniq

263 919 356 977 dentia
376 921 405 977 δι
426 917 540 977 consilio
560 917 684 985 scilicet,
702 933 768 994 quae
789 857 920 987 fluxerit,
940 916 1016 986 vel,
1038 930 1072 975 ut

261 997 348 1054 verbo
362 1007 439 1066 utar,
457 1010 522 1070 quae
536 994 663 1052 fabricata
677 990 709 1051 srt
721 992 866 1051 hominem
882 988 895 1048 ἓ
920 993 1011 1070 qualis
1032 993 1079 1053 ista

161 1079 165 1088 '
261 1071 334 1130 brica
350 1069 415 1130 est?
434 1070 481 1129 ubi
502 1068 618 1129 adhibita
635 1067 647 1127 ἓ
666 1066 807 1146 quando?
825 1065 901 1127 cut?
926 1087 987 1146 quo
1011 1068 1079 1129 mod

261 1146 410 1206 trauannn
430 1146 477 1205 illa
498 1143 660 1222 ingeniose:
687 1145 853 1218 disputantur
873 1143 957 1204 etiam
980 1145 1079 1223 elegau

261 1222 380 1299 denique
395 1223 538 1282 videantur
551 1222 612 1280 sane
627 1264 636 1290 ,
655 1239 691 1281 ne
706 1222 876 1281 affirmentur
889 1221 988 1280 modo.
1027 1222 1076 1283 sed

261 1297 476 1375 physicum,
496 1300 652 1374 &quidem
668 1298 705 1356 ob
719 1304 780 1355 e'am
801 1298 907 1356 causam
923 1340 932 1367 ,
959 1305 997 1357 rie
1010 1311 1065 1370 tu,

128 1380 238 1437 llxxll
262 1375 338 1434 idem
353 1393 400 1433 me
414 1377 549 1435 sadiurum
564 1372 653 1448 paulli)
667 1387 732 1433 ante
752 1374 849 1432 dixeris
865 1416 873 1442 ,
893 1374 1005 1433 videare
1028 1392 1078 1435 me

260 1464 312 1510 tus.
338 1450 384 1511 sed
398 1466 429 1511 ut
443 1453 476 1510 ad
490 1466 538 1519 ea,-
558 1468 622 1526 quae
636 1451 748 1508 clariora
761 1451 838 1518 sunt,
858 1452 969 1508 veniam
985 1471 993 1508 ε
1016 1453 1079 1529 res-j

262 1528 396 1586 universas
410 1527 592 1603 profundam
613 1526 758 1601 dequibus
779 1527 919 1584 volumina
933 1527 1053 1602 impleta
1069 1530 1079 1587 s

263 1622 322 1662 non
343 1603 360 1662 a
380 1603 474 1663 nostris
492 1603 603 1670 solum,
623 1602 669 1659 sed
688 1603 771 1659 eriam
786 1600 801 1660 i
816 1601 978 1677 Chrysippo.
1019 1604 1079 1663 der

265 1680 343 1756 queri
362 1679 449 1739 solent
470 1680 576 1738 Stoici:
605 1679 670 1736 dum
698 1678 814 1737 studiose
835 1679 929 1737 omnia
949 1678 1079 1757 conquifi

264 1768 361 1815 contra
387 1756 473 1815 sensus
505 1757 534 1813 δι
565 1753 807 1829 perspicuitatem,
834 1767 984 1831 contraque
1006 1775 1079 1817 omn

144 1902 146 1907 Ι
246 1831 505 1899 consuetudinem,
527 1844 676 1904 contraque
690 1830 843 1896 rationem,
857 1830 943 1906 ipsum
958 1830 1079 1909 fibi-resp

104 1920 127 1987 -ξ
142 1908 214 1974 serpso
261 1906 394 1976 dentem,
413 1908 590 1967 ⁸inseriorem
606 1904 698 1964 fuisset
717 1906 809 1981 itaque
823 1906 906 1965 abeo
920 1919 1079 1968 armatum<

114 1973 159 2025 mf.
178 1974 254 2024 lamb·
264 1983 445 2043 Carneadem.
927 2044 940 2051 ἢ,

56 2078 60 2107 r
217 2066 253 2124 88
302 2061 343 2119 Ea
364 2059 425 2119 sunt
444 2058 604 2135 ejusmodi,
623 2076 688 2136 quae
710 2056 726 2116 l
746 2069 775 2116 te
796 2057 994 2134 diligentissime
1017 2059 1079 2127 trad

114 2153 126 2192 t
152 2135 331 2196 nimian-sunt.
368 2135 584 2205 dormientium,
604 2137 634 2192 &
648 2133 888 2203 *vinolentorum
908 2134 938 2192 dr
957 2135 1079 2196 furiosor

110 2208 225 2278 mm-
264 2212 318 2270 visa
332 2211 509 2271 imbecilliora
524 2208 577 2269 else
599 2211 705 2268 dicebas
731 2209 816 2285 quim
832 2211 1021 2286 vigilantium,
1042 2211 1079 2272 fic

114 2267 143 2318 ὰ
155 2277 188 2314 ”⁶
198 2268 342 2357 s‘m'rum,
362 2289 505 2349 sanorum:
525 2306 582 2364 quo
597 2285 707 2345 modo?
726 2287 790 2361 quia
803 2285 867 2344 tbm
882 2288 1080 2361 experrediuse

110 2340 156 2392 'm
266 2363 391 2432 Enniur,
412 2382 470 2423 non
484 2364 587 2423 diceret
606 2363 632 2421 se
653 2359 746 2422 vidisse
767 2363 951 2432 Homerum,
970 2363 1018 2424 sed
1039 2354 1079 2424 vll

233 2435 242 2456 ⁸
265 2436 334 2498 else:
356 2440 484 2498 Alcmaeo
493 2454 604 2508 autem,

116 2524 137 2591 V·
147 2532 195 2563 Μ
209 2530 258 2564 'vm'-
360 2517 409 2573 Sed
422 2515 489 2575 mili
505 2517 656 2594 neutiquam
672 2535 714 2573 cor
728 2513 880 2588 'consentin

116 2579 207 2650 ''⁸3⁰'’ss
264 2589 366 2649 Similia
380 2592 414 2649 de
429 2592 583 2651 vinolentis.
622 2590 708 2666 Quasr
720 2592 862 2666 quisquam
878 2600 979 2667 neget,
999 2590 1079 2653 ¹¹&-¹

118 2630 167 2692 ²¹¹L
268 2669 438 2743 experrectus
452 2666 500 2737 fit,
520 2685 585 2727 eum
600 2667 705 2726 somnia
712 2687 722 2733 ;
743 2667 789 2736 br,
808 2668 885 2742 cujus
899 2668 974 2728 furor
994 2667 1079 2730 conse

1073 2762 1079 2804 r

296 2957 331 2992 rr.
350 2947 379 2991 Et
388 2945 428 3007 qm*
436 2942 562 3005 eqverreuur
569 2941 664 3000 finem
670 2940 904 3000 somniareucnrene
914 2940 973 2988 ratio
983 2938 1079 3005 lingue⁴

266 3005 321 3054 rlnz
331 3007 369 3055 ule
379 3005 483 3062 constet,
499 3003 517 3052 fi
529 3006 552 3052 le
570 3018 620 3053 ntur
631 3006 735 3063 somnia,
760 2999 837 3050 deleta
849 3000 936 3067 syllaba
949 3019 989 3058 re,
1005 3015 1062 3051 nara
1075 3014 1079 3050 1

267 3066 354 3117 talliae
367 3069 483 3126 sequenti,
500 3071 525 3116 &
540 3020 571 3117 οἱ
588 3063 772 3115 similitudinem.
789 3063 912 3122 coniunxit
924 3066 989 3113 enlm
1000 3076 1055 3113 cum

268 3147 307 3184 n,
326 3131 351 3179 dr
363 3130 427 3191 poli,
442 3129 571 3178 cumidem
583 3131 656 3183 dicit,
673 3130 809 3188 Experrellus
818 3132 874 3174 enim
887 3130 956 3190 potuit
966 3127 1009 3173 illa
1024 3130 1073 3174 via

268 3205 346 3248 erant,
361 3193 387 3243 (f
395 3194 486 3252 somnia.
505 3199 526 3240 P.
534 3193 613 3242 Faber.
646 3197 675 3239 Et
691 3196 731 3253 qui
743 3194 871 3254 experrellus
883 3191 930 3248 fir,
945 3207 992 3236 eum
999 3190 1079 3251 somnia

266 3259 304 3304 Ita
317 3255 374 3303 Pall.
387 3269 442 3302 nam
453 3258 474 3304 s.
483 3254 595 3313 vilioris,
611 3271 658 3301 eum
665 3256 756 3313 somnia.
774 3257 797 3302 Ρ.
809 3250 952 3302 Manutiuse
963 3266 1007 3300 ms.
1014 3252 1079 3300 interl

268 3318 416 3381 negativam,
432 3333 479 3363 eam
489 3333 528 3362 non
537 3319 649 3375 somniare.
666 3315 713 3379 ipse
722 3315 812 3364 viderit.
846 3314 973 3363 Lambinus
983 3313 1070 3371 edidit,

171 3400 175 3407 ·
327 3380 382 3440 iaffl.
399 3382 490 3428 Gruter.
523 3385 555 3425 At
565 3393 604 3426 cur
615 3394 664 3426 non
673 3377 738 3426 addit
749 3375 841 3427 causam
852 3379 918 3436 huius
928 3376 1028 3434 arbitrii,
1044 3387 1069 3424 ut

61 3380 358 3672 Λα
366 3439 471 3506 preferat
482 3440 558 3495 coditi
567 3441 685 3499 vetoris,
699 3454 771 3534 quem
786 3440 834 3505 ipse
844 3441 936 3494 rulliru
950 3438 1079 3567 videtutipp

61 3560 72 3585 ἱ
