2318 3914
210 135 292 216 249⁶
408 132 470 196 Dr
491 131 578 196 Fau·
601 129 699 195 Bou.
720 81 771 195 er
793 128 911 195 Mun.

208 236 274 293 ciam
290 248 333 305 te,
353 238 398 296 M.
410 238 507 307 Cato,
526 236 746 299 studiosrffimum
760 234 966 312 philosophiae,
982 238 1090 316 Juffiffi-

208 328 290 371 mum
304 316 413 384 virum,
434 315 574 390 optimum
584 313 728 390 judicem,
742 314 789 373 reli
809 312 978 374 'otiffimum
993 316 1089 388 testem

75 407 100 454 r.
113 406 186 452 cxx.
210 389 391 460 audiremus,
417 392 561 451 cadmirati
587 390 703 461 sumus,
729 391 777 465 qui
815 387 883 450 esset
905 432 916 461 ,
937 408 991 451 eur
1013 394 1089 455 nobis

60 481 76 515 e
94 466 203 542 demirari
213 466 321 525 Stoicos
336 468 502 537 anteferres,
521 467 619 545 quide
647 468 725 526 rebus
740 466 819 525 bonis
851 467 882 525 δε
904 468 990 528 malis
1012 469 1089 531 senti·

59 547 114 593 ⁶⁰⁸1·
125 532 200 581 tamt.
211 555 273 601 rent
286 562 336 611 ea,
357 562 422 621 quae
436 545 470 602 ab
487 546 543 604 hoc
556 545 713 604 Polemone
723 544 805 603 Zeno
819 556 1020 619 cognoverat:
1040 566 1088 607 no·

210 620 330 679 minibus
345 632 487 681 uterentur
500 621 549 691 iis,
563 638 628 697 quae
641 621 730 695 prima
750 620 838 696 specie
852 618 1086 693 admirationemt

208 714 239 756 re
255 697 405 772 explicata,
423 697 506 756 risum
527 710 683 756 moverent.
721 696 771 755 Tu
791 707 913 765 autem,
934 696 955 755 fi
978 700 1032 759 tibi
1049 700 1087 762 dit

208 772 409 849 probabantur,
429 791 478 832 cur
491 793 549 833 non
563 773 676 849 propriis
689 773 777 832 uerbis
789 772 834 831 illa
847 772 989 834 tenebas?
1009 774 1051 837 stn
1061 789 1085 837 te

207 849 354 908 auctoritas
367 852 589 910 commovebat:
610 852 726 911 nobisne
746 848 902 919 omnibus,
923 852 955 910 δι
978 852 1082 916 Platoni

208 924 275 1000 ipsi,
295 928 387 986 nescio
402 945 487 1003 quem
500 927 578 985 illum
589 922 795 1003 anteponebas?
814 924 970 1000 praesertim
985 926 1082 990 ctmin
1109 989 1114 998 ,

210 1003 347 1076 republica
363 1004 487 1078 princeps
501 1000 554 1063 effe
569 1004 669 1072 velles,
689 1002 724 1061 ad
738 1019 857 1079 eamque
870 1004 1079 1068 tuendameun

210 1076 318 1136 summa
332 1090 379 1139 tua
393 1080 523 1155 dignitate
538 1078 690 1139 maximed
713 1080 792 1138 nobis
812 1080 905 1139 ornari
926 1091 1016 1157 atque
1044 1084 1080 1144 iu·

208 1153 271 1213 strui
288 1152 395 1229 poffes?
415 1156 494 1215 nobis
507 1158 582 1215 eninr
595 1154 642 1215 ista
658 1154 787 1234 quaefita,
807 1154 918 1215 duobis
933 1156 1022 1217 deseri
1041 1172 1079 1229 ta.

210 1242 323 1299 notata,
342 1246 481 1309 praecepta·
493 1231 570 1292 sunt:
589 1232 620 1287 ⁶4
627 1233 812 1308 omniumque
826 1228 855 1284 ⁶5
865 1248 1004 1309 rerumpu
1032 1236 1078 1295 'ca-

209 1324 271 1364 rum
285 1307 438 1376 reddiones,
456 1327 573 1385 genera,
592 1308 688 1377 status,
703 1308 889 1377 mutationes,
908 1308 987 1385 leges
1000 1312 1077 1371 etiam

60 1406 150 1468 dm.
213 1383 382 1444 &instituta
413 1404 446 1444 ac
476 1404 568 1445 mores
590 1386 732 1444 civitatum
752 1382 987 1519 dperscripsimus.
1025 1388 1077 1448 elo

60 1467 191 1531 scripsimus
212 1462 334 1535 quentiae
349 1460 434 1532 verb,
453 1479 518 1537 quae
533 1464 564 1521 ἃ
583 1462 746 1537 principibus
768 1460 872 1519 maxim
912 1476 1076 1523 ornamento

60 1536 112 1581 atsi.
210 1536 265 1604 est,
286 1538 316 1595 bc
328 1534 357 1577 ⁶⁶
365 1536 420 1615 quai
436 1550 464 1595 te
478 1540 633 1597 audiuimus
645 1538 735 1596 valere
749 1580 758 1607 ,
777 1535 930 1653 plurimum
940 1552 1074 1673 guantum

206 1612 256 1669 tibi
269 1630 304 1669 eu
318 1616 507 1677 monumentis
521 1614 616 1673 nostris
629 1611 785 1673 addidisses.
810 1612 926 1674 Eacittn
960 1612 1073 1686 ixiffent,

162 1692 197 1749 62
208 1687 274 1764 quid
286 1690 399 1748 tandem
409 1691 508 1756 ,tatibus
523 1692 586 1749 viris
600 1688 794 1766 responderes?
814 1691 959 1763 Rogarem
973 1704 1019 1761 te,
1033 1692 1073 1752 in-

206 1765 283 1840 quit,
304 1778 334 1823 ut
347 1765 451 1826 diceres
471 1785 521 1842 pro
542 1786 590 1825 me
609 1780 638 1825 tu
659 1767 758 1836 idem,
778 1767 826 1842 qui
848 1766 900 1825 illis
918 1768 1073 1826 orationem

206 1838 374 1914 dictavisses,
393 1844 440 1901 vel
454 1843 544 1917 potins
556 1844 677 1919 paullum
691 1842 746 1902 Ioci
759 1843 846 1912 mihi,
865 1843 950 1904 uthis
962 1842 1074 1920 respon·

204 1917 319 1987 derem,
340 1920 432 1989 dares,
451 1920 500 1977 nist
520 1922 550 1979 δι
569 1931 598 1978 te
619 1918 712 1977 audire
732 1935 807 1977 nunc
828 1919 962 1989 mallem,
979 1919 1010 1978 dt
1022 1919 1075 1979 stris

206 1996 378 2127 tameubaiio
398 2010 526 2071 tempore
549 1995 718 2072 responsurus
739 1991 823 2054 essem
839 2038 849 2065 ,
868 2008 938 2056 tune
951 1994 1076 2067 scilicet,

204 2083 352 2207 cminsitslills.
371 2150 527 2219 Arous,
547 2147 677 2208 siverum
693 2147 856 2225 respondere
870 2146 975 2222 velles,
995 2150 1075 2286 Cito,

1036 2243 1076 2287 aec

237 2408 275 2458 64.
295 2404 436 2466 Omniumque
445 2402 604 2463 rerumpublic]
629 2404 664 2450 Sic
675 2400 925 2459 Ald08,Vist01ius&
940 2404 1074 2456 Pallam.

204 2463 338 2512 encliticam
350 2467 477 2513 orn'rsenurt
488 2480 579 2528 parrum
589 2480 639 2512 aevo
650 2466 801 2516 comestores.
832 2479 891 2515 nam
904 2466 983 2517 nidus
994 2472 1077 2535 Nepos

207 2523 304 2574 obtrusit
315 2527 397 2575 nobis:
411 2545 448 2574 rtot
456 2534 551 2575 eternium
563 2546 640 2576 rerum.
658 2530 696 2577 ubi
706 2529 811 2578 invenit?
827 2530 916 2578 Gruter.

236 2596 272 2644 σς.
290 2592 418 2654 'Rerusntub
428 2594 539 2648 rationes]
559 2595 617 2639 Veu.
631 2595 755 2651 Ressianes,
771 2589 809 2640 sed
819 2592 845 2639 δι
855 2591 897 2639 alii
906 2590 1033 2641 similiter:
1049 2593 1074 2643 &

206 2665 266 2698 mox
282 2653 306 2701 in
318 2654 403 2715 quinto
413 2654 498 2702 eodem
511 2653 582 2701 verbo
596 2653 684 2710 uritur,
701 2658 727 2705 &
742 2654 819 2703 simile
829 2665 892 2703 certe
906 2654 942 2704 est
952 2688 962 2713 ,
972 2656 1076 2719 seriptis,

206 2716 290 2771 dr‘riio,
307 2720 381 2771 sissia,
396 2720 439 2768 iffa.
473 2720 593 2764 Cametas.

238 2784 275 2826 66.
294 2781 346 2835 ,Qua
356 2793 375 2825 te
384 2782 511 2826 attaminans
521 2782 594 2826 uasere
599 2781 719 2840 plurimum
730 2813 738 2833 ‚
759 2793 863 2851 quantum
877 2781 920 2826 tibi
937 2798 967 2827 cx
980 2798 1073 2830 motam.

205 2856 226 2888 n.
233 2844 269 2887 aas.
278 2849 299 2898 ?j
316 2843 351 2889 Sic
358 2843 427 2890 video
437 2842 545 2905 distingui
557 2842 582 2888 in
592 2842 702 2889 omuibus
713 2843 866 2897 editionibus,
880 2856 942 2905 quas
952 2844 1076 2894 consulere

203 2905 278 2966 potui.
294 2909 323 2952 lu
333 2919 416 2953 neutro
426 2918 507 2953 tamen
518 2904 630 2953 librorum
641 2917 759 2961 veterum,
776 2920 837 2968 quos
846 2902 938 2967 inspexi
949 2941 958 2962 ,
975 2922 1032 2958 eam
1040 2908 1077 2957 di·

203 2965 355 3016 nitidiorem
365 2968 527 3016 animadverti.
543 2973 574 3015 Et
585 2982 624 3015 cur
635 2983 685 3015 non
696 2970 788 3031 optime
798 2967 903 3030 procedit
914 2971 998 3019 oratio
1008 2974 1017 3021 Ι
1032 2974 1077 3019 eso·

202 3033 292 3091 quentia
307 3049 374 3087 vero,
395 3048 438 3093 qua
454 3034 480 3083 dt·
491 3032 622 3092 princhaiius
636 3035 730 3078 anaxime
748 3046 866 3078 ornamento
882 3030 935 3091 eli,
952 3035 981 3085 (τ
996 3032 1043 3097 quai
1056 3048 1077 3081 te

202 3094 331 3139 audivimus
346 3096 439 3150 valere,
465 3097 585 3158 plurimum
599 3108 704 3157 quantum
723 3095 766 3142 riti
780 3111 806 3142 ex
820 3112 913 3143 nanum.
940 3096 1020 3157 nosris
1035 3098 1077 3145 ad·

203 3155 298 3213 didrffcs.
318 3158 442 3204 Plurimum
456 3171 560 3216 quantum
574 3158 713 3219 eloquentia,
740 3170 764 3205 ut
777 3160 899 3219 plurimum
912 3173 1022 3221 quantum
1031 3161 1074 3219 fa·

203 3221 263 3263 voris
271 3218 413 3276 inFlororv,
420 3237 441 3269 2.
458 3227 536 3282 Quam
548 3219 715 3283 loquutionem
725 3221 873 3269 nuncTulsio
884 3220 1072 3272 inmentefiaiss'e

202 3292 268 3341 patet
278 3295 308 3328 ex
317 3295 367 3341 cap.
375 3299 411 3335 ις.
423 3284 516 3345 ltifferre
526 3287 581 3330 inter
588 3284 694 3342 honestum
703 3286 892 3346 &impensiorem
902 3300 1017 3349 quarm.
1024 3292 1073 3335 lta·

201 3356 249 3401 que
259 3344 349 3391 mutavi
356 3344 540 3396 diuinationem.
560 3348 640 3395 Etiam
650 3349 675 3396 in
686 3352 736 3397 MS.
748 3360 847 3410 paterno
856 3347 929 3407 est3fi
935 3351 1071 3409 reviviscant
1093 3405 1097 3416 Ι

202 3406 299 3451 Platonis
310 3410 359 3464 itti,
377 3409 442 3472 quod
452 3411 512 3462 mibi
522 3411 653 3475 perplacet,
668 3409 848 3476 quiescebam
862 3411 1027 3477 loquitnrcap.
1043 3427 1068 3461 2.
1092 3419 1097 3462 t

200 3468 269 3532 hujus
279 3468 339 3521 iibri.
356 3472 451 3523 Gronov.

960 3542 1001 3596 ἦ.
1016 3539 1066 3588 αθ.
