2318 3914
141 176 146 187 .
246 128 441 196 Linon
487 127 783 195 Treueros.
890 126 1047 216 ²723*

78 211 159 309 loei:
181 259 247 319 quae
260 255 362 303 tamen·
372 241 409 301 ita
424 241 516 310 dicet,
534 240 679 316 dupliciter
700 238 753 297 esse
774 251 803 297 te
817 239 965 317 injustum,

84 317 153 376 cunt
170 320 200 378 δι
213 320 334 393 alienuni
348 329 478 394 appetat,
498 317 547 393 qui
560 317 590 371 ⁶7
600 314 723 376 mortalit
744 327 848 386 natus,
868 319 969 378 condi-

48 444 51 451 .
85 395 196 454 tionem
220 396 337 472 postules
359 393 589 463 immortalium,
616 394 647 452 &
668 392 787 468 graviter
806 392 876 471 feras
891 436 901 466 ,
917 406 965 464 te,
1016 399 1020 405 ’

61 472 165 547 ”quod
180 472 316 533 utendum
330 472 487 547 acceperit,
507 467 660 530 reddidisse.
1022 521 1025 524 .

74 598 77 603 .
124 548 281 608 Prudentiae
295 547 366 608 vero
381 547 450 624 quid
463 546 654 625 respondebis,
673 543 703 588 ⁶⁸
711 545 814 607 dicenti
828 547 958 607 virtutem
974 578 1007 638 37
1064 615 1068 624 ‚
1111 578 1115 587 ·

82 621 139 682 sese
152 622 206 683 elle
227 637 416 693 contentam,
435 641 494 701 quo
517 623 607 684 modo
628 622 663 681 ad
684 623 755 683 bene
777 623 960 693 vivendum,

64 698 122 758 -src
135 701 165 759 δι
180 700 328 762 uditate?
348 719 414 781 quae
427 700 448 760 fi
463 701 628 760 extrinsecus
638 699 749 774 religata
764 699 884 777 pendeat
899 741 908 768 ,
929 701 960 760 &

73 780 144 837 ‘n'o'n
159 779 262 837 oriatur
276 776 313 838 cl
326 778 371 849 se,
392 780 422 836 δι
438 776 524 837 rursus
538 776 612 847 adse
627 789 779 836 revertatur
794 820 804 847 ‚
823 777 983 840 &omniac
997 807 1028 843 ex
1041 795 1065 845 re

77 850 130 910 'sua
143 855 291 928 complexa
304 856 373 915 nihil
387 866 493 931 quaerat
506 854 617 919 aliunde
632 897 641 922 ,
660 871 720 917 non
741 853 891 928 intelligo,
911 871 959 912 cur
969 858 1075 933 &fel-⁶⁹.

48 992 52 1007 ι
82 940 132 988 aut
147 930 234 989 verbis
248 946 305 990 tam
330 933 512 994 vehementer
527 931 674 998 ornanda,
695 940 743 988 aut
764 948 794 989 re
815 942 960 1006 tantopere
969 922 1021 973 ⁴²¹¹·

82 1006 240 1080 expetenda
268 1007 401 1067 videatur.
440 1007 486 1067 Ad
514 1008 577 1067 haec
606 1008 680 1066 bona
702 1023 751 1064 me
778 1006 799 1065 fi
828 1024 959 1078 revocas,

76 1078 221 1157 Epicure,
240 1101 341 1160 pareo,
361 1087 485 1163 sequor,
511 1096 575 1142 utor
596 1094 625 1141 te
646 1082 704 1158 ipso
733 1083 831 1152 duce,
861 1082 962 1144 oblivi-

80 1156 145 1234 scor
155 1160 240 1218 etiam
256 1160 412 1232 malorum,
431 1173 463 1220 ut
473 1160 570 1236 jubes,
585 1177 678 1236 eoque
692 1158 813 1228 facilius,
834 1158 911 1235 quod
928 1178 960 1220 ea

80 1250 123 1293 ne
136 1235 166 1294 in
181 1236 257 1295 malis
270 1238 385 1313 quidem
399 1237 529 1313 ponenda
545 1236 658 1297 censeo.
671 1296 676 1308 ,
699 1235 745 1294 sed
768 1236 886 1295 traducis
908 1255 960 1295 co-

79 1310 232 1385 gitationes
246 1330 322 1371 meas
333 1314 369 1374 ad
382 1314 544 1388 voluptates.
584 1312 672 1389 quas?
693 1314 832 1387 conponit,
852 1312 958 1381 credo,

63 1399 132 1444 -aut
153 1405 218 1463 quae
237 1401 349 1464 propter
370 1407 468 1466 corpus
481 1389 528 1447 vel
543 1389 735 1448 recordatione
757 1388 801 1444 vel
821 1389 866 1463 spe
882 1391 960 1467 cogi·

59 1470 64 1477 ·
82 1472 190 1548 centur.
228 1464 364 1581 nunrquid
379 1466 416 1525 est
430 1463 524 1525 aliud?
544 1463 656 1525 rectene
670 1467 836 1539 interpretor
850 1463 959 1524 senten·
974 1502 977 1507 >

58 1548 156 1605 ‚tram
171 1550 270 1600 tuam.
346 1586 353 1593 .
580 1582 583 1591 ,
954 1584 962 1597 .

123 1615 154 1670 ⁶9
160 1615 256 1676 Solent
268 1620 345 1679 enirn
360 1617 401 1679 isti
414 1635 514 1695 negare
528 1638 580 1679 nos
602 1619 778 1695 intelligere,
799 1618 867 1700 quid
886 1619 959 1755 (ξω
969 1623 1004 1695 38
1105 1691 1108 1697 ,

632 1716 634 1723 '
920 1713 963 1771 Pb

56 1910 67 1919 ··
119 1890 959 1972 oaMorralisnataa]otnaledv.lllegansloquendifornrulal’haedme

60 1976 64 1981 ·
81 1955 128 2006 lib.
142 1973 186 2008 111.
204 1959 259 2008 Fab.
272 1974 333 2010 vm.
350 1963 471 2026 Magnaque
481 1963 569 2007 invadra
579 1959 812 2018 criminaturfilium:
842 1962 881 2005 vir
896 1970 959 2011 natm

58 2052 64 2059 -
80 2022 145 2084 quod
153 2039 196 2068 rem
202 2022 345 2081 faeminarum
355 2027 456 2085 tetigerit.
477 2022 587 2072 Ladant.
598 2024 654 2071 Diu.
666 2021 722 2071 inii.
735 2035 780 2078 111,
792 2036 828 2075 19.
844 2025 959 2085 Tanquam

63 2085 159 2149 ,neceffe
176 2087 205 2144 fit
227 2102 308 2132 amnem
329 2088 433 2132 hominm
453 2100 529 2132 aarum
548 2087 713 2133 immortalitate
726 2086 810 2135 donari.
844 2085 958 2147 Apuleius

61 2160 67 2173 ⁵
81 2149 159 2211 Apol.
176 2163 230 2212 pag.
238 2158 290 2205 278.
302 2147 339 2199 ed.
347 2147 505 2198 etmenhorst.
522 2153 552 2196 Et
563 2151 618 2212 quid
628 2162 660 2209 ego
671 2147 698 2194 de
709 2150 792 2194 bomine
803 2160 852 2195 nato
861 2150 958 2195 diutim?

61 2238 65 2245 ·
81 2210 218 2260 Anicetum
229 2227 284 2276 pag.
295 2218 349 2261 2⁸2.
366 2219 411 2260 Aa
419 2225 445 2260 tu
456 2216 540 2275 ignoras
550 2213 607 2259 nihil
616 2211 654 2272 effe
663 2210 810 2274 aspendum
824 2212 907 2257 homini
917 2228 960 2256 na-

58 2284 68 2295 ··
80 2286 105 2320 eo
121 2274 191 2337 quim
202 2276 300 2334 sormam
314 2277 387 2338 fuam.
419 2275 480 2326 Vide
494 2275 568 2325 etiam
583 2274 635 2324 cic.
651 2274 692 2323 lib.
711 2287 746 2323 ιν.
772 2275 838 2324 Fam.
856 2270 920 2338 epist.
935 2290 960 2331 5·

59 2352 64 2357 ·
82 2340 153 2384 Davi
163 2364 179 2388 .·

61 2424 66 2437 ·
117 2339 375 2450 castrametatum
386 2402 430 2464 sese
444 2402 482 2464 ff
495 2407 634 2458 centenum]
660 2400 748 2448 Partim
763 2399 888 2456 villorio,
904 2410 959 2462 palt-

70 2461 131 2511 'tim
144 2465 200 2513 Pali.
212 2461 304 2515 secund.
315 2464 371 2515 Bab.
382 2464 442 2515 nith.
452 2465 570 2514 vaticano
586 2463 656 2512 debes
666 2462 729 2512 hanc
737 2462 881 2511 ledlionenra
898 2476 957 2514 narn

58 2548 64 2561 t
81 2526 111 2574 in
123 2526 256 2590 integram,
269 2528 340 2587 illese
349 2529 429 2578 minus
439 2526 538 2595 praestat.
558 2529 645 2591 vulgo,
659 2530 743 2574 vinam
752 2527 776 2586 se
785 2526 822 2585 effe
829 2532 956 2574 contentam.

82 2586 125 2636 sed
138 2588 197 2637 istud
207 2591 280 2639 etiam
294 2588 351 2640 scias
365 2594 448 2639 docenti
463 2590 547 2641 restare
557 2591 583 2639 in
594 2590 641 2639 nal.
654 2601 709 2639 tert.
721 2588 781 2638 rich.
792 2588 849 2640 Fab.
862 2589 956 2639 nondi-

56 2672 62 2689 ψ
79 2654 148 2699 senei.
163 2650 283 2704 Gebhard.
301 2657 406 2715 x1>oceati
415 2655 486 2705 habet
495 2654 568 2702 eriam
578 2650 655 2702 codex
665 2651 763 2716 Regius.

58 2742 63 2751 ·
117 2721 155 2768 69.
172 2716 244 2763 Soleae
258 2719 315 2764 enim
325 2717 363 2777 ista·
372 2728 463 2781 negare,
478 2734 514 2765 nos
524 2717 641 2780 intelligere
651 2717 706 2778 quid
715 2716 774 2762 dicat
784 2716 896 2778 Epicurus.
909 2720 956 2764 Hoc

63 2782 66 2787 ’
81 2777 154 2834 dicit,
170 2779 196 2829 &⁴
207 2781 243 2825 hoc
252 2782 422 2838 nicomatus,
437 2798 471 2828 me
481 2781 594 2835 audiente,
613 2779 711 2827 „Aramis
722 2779 784 2834 senex
793 2783 851 2824 Zeno
866 2779 956 2838 astam

59 2866 64 2879 ·
83 2839 232 2901 «meldanus,
247 2844 303 2899 &al
319 2840 412 2893 Poss'um
422 2844 494 2894 fallit
510 2843 568 2907 quid
584 2855 668 2891 tamen
681 2840 780 2888 sentiam
796 2840 826 2889 de
841 2840 955 2905 hocloco

58 2920 62 2925 ·
78 2904 178 2952 reticere
188 2905 257 2955 nolo.
289 2909 343 2969 Ego
351 2908 445 2969 putoin
455 2906 560 2956 distioue
569 2905 611 2954 illa
626 2905 737 2951 Graculus
747 2903 831 2952 vitium
840 2901 900 2958 effe,
916 2920 956 2952 at·

81 2980 131 3028 que
142 2966 164 3015 id
176 2967 274 3029 quidem
284 2983 335 3016 nora
352 2982 469 3030 parvum,
491 2974 535 3018 nec
550 2966 617 3032 quod
634 2964 776 3016 facilerolli
793 2974 875 3028 querc·
903 2982 955 3018 non

83 3032 151 3078 enirn
161 3031 231 3080 illum
250 3032 384 3080 contemnit
400 3033 426 3082 dc
441 3032 540 3088 irridet,
555 3045 581 3080 ut
597 3029 629 3080 ob
644 3029 668 3079 id
683 3028 818 3078 Graculum
833 3028 955 3091 appellet,

83 3106 157 3154 quem
167 3093 324 3144 acutissimum
335 3091 381 3143 elle
394 3093 485 3151 tradit,
502 3097 528 3144 δι
545 3096 610 3152 cujus
624 3094 777 3142 autoritatem
792 3090 904 3146 adducit,
927 3106 955 3142 ut

84 3154 184 3218 planum
194 3157 268 3209 faciat
278 3156 301 3206 se
311 3155 404 3221 optime
412 3172 442 3206 ex
453 3159 501 3217 ejus
515 3156 590 3205 verbis
600 3159 625 3206 δε
636 3156 796 3205 declaratione
805 3167 885 3205 tenere
895 3155 954 3216 quid

85 3217 170 3269 sentiat
180 3222 291 3285 Epicurus
301 3219 331 3269 de
341 3222 471 3282 voluptate.
505 3221 597 3268 Multos
607 3218 657 3267 vidi
666 3216 836 3280 manuscriptos
846 3214 953 3277 codices,

85 3284 128 3343 qui
139 3297 222 3332 omnes
232 3284 276 3332 hac
286 3296 352 3348 parte
362 3284 479 3347 inquinati
485 3281 555 3340 *sunta
574 3279 605 3329 fic
615 3282 680 3331 enirn
695 3280 745 3330 fet‘e
761 3280 861 3338 habent,
871 3284 955 3343 agrico-

84 3348 140 3401 tus,
155 3356 204 3410 quo
218 3347 276 3395 nihil
286 3347 435 3410 depravarius
444 3347 520 3410 p'rima
530 3343 604 3409 specie
615 3344 661 3393 elle
674 3342 741 3408 poffe'
750 3343 847 3392 viderur.
870 3343 953 3405 Aliqui

84 3422 166 3457 autem
177 3407 336 3459 existimarunt
353 3411 394 3473 (ur-
400 3410 483 3474 opinio
495 3423 548 3457 mea
558 3407 603 3470 eli)
620 3422 704 3456 vocem
714 3406 781 3455 illam
793 3407 876 3471 corrigi
889 3405 955 3468 posse

83 3471 143 3525 fiex
153 3485 182 3525 ca
193 3473 504 3541 Graculus-fieret5aqu1'bus
515 3475 646 3520 athenaeum
658 3472 770 3533 dissentia,
783 3471 846 3522 unde
857 3482 919 3518 nuno
930 3469 958 3540 in

460 3538 543 3588 Mmm
558 3551 634 3587 mmm
649 3545 723 3592 mma
877 3545 959 3581 umut-
