2318 3914
228 157 312 222 2434
418 134 479 200 De
501 134 588 201 Ftu.
610 134 710 200 Bon.
732 148 784 199 er
806 131 922 200 Man.

228 258 286 304 tem
303 259 349 304 aut
363 247 391 305 in
416 247 496 306 bonis
521 259 569 305 aut
582 249 609 306 in
625 249 702 307 malis
717 257 880 314 numerent,
901 260 946 302 eas
961 259 1023 303 non
1039 245 1108 307 mol

228 323 267 379 do
289 323 356 381 nihil
376 322 504 398 adjuvare
532 324 671 393 arbitror,
708 321 832 399 ¹⁸neque
852 321 1015 391 affirmare,
1043 341 1106 399 quo

74 428 90 479 p
108 412 150 461 niti
162 414 214 464 MS.
229 398 357 457 meliores
372 399 471 468 fimus,
489 399 535 458 sed
549 400 632 475 ipsam
648 400 794 476 depravare
808 409 944 458 naturam.
983 398 1107 459 nemesi

111 480 135 525 r.
158 478 184 527 B.
228 474 284 532 hoe
297 494 356 534 non
378 477 556 544 obtineatur.
576 478 605 535 id
626 477 833 536 solumbonum
851 470 927 541 effe,
948 473 1029 548 quod
1051 474 1108 533 ho·

61 590 67 598 -
205 550 336 625 ¹neslum
352 550 399 610 fit:
420 553 496 611 nullo
520 552 608 611 modo
628 553 736 629 probari
756 553 860 627 possit,
879 550 990 608 beatam
1011 550 1105 611 vitam
1135 578 1140 589 ·

69 647 92 694 ,q
110 631 201 680 man
230 628 332 686 virtute
346 629 426 686 effici.
464 627 541 704 quod
555 627 576 687 fi
589 631 625 687 ita
646 628 679 688 fit
690 652 700 697 ς
721 640 790 685 ecur
812 643 896 701 opera
917 623 1105 701 philosophiae

74 695 181 745 Μω-
230 702 262 761 stt
282 703 369 763 danda
403 704 504 764 nescio.
542 702 562 762 st
592 707 668 764 enim
688 705 792 779 sapiens
820 702 915 779 aliquis
935 699 1017 759 miser
1049 700 1105 762 elle

74 756 184 882 {ffififfi
229 780 327 854 polilt,
346 798 391 838 nae
406 799 459 857 ego
487 781 565 840 islam
586 781 731 856 gloriosam
758 776 1029 853 memorabilemque
1049 781 1106 838 vit·

75 884 151 932 Lm
229 867 318 914 tutem
333 874 393 915 non
407 869 530 933 ‘magno
546 856 734 916 aestimandam
750 867 857 931 putem.

139 990 141 994 ,
168 940 213 1003 ἠ
265 933 317 990 IV.
336 935 606 1008 Quarum,
627 938 717 1002 Cato,
738 930 1103 1004 dtedielasunt,eadem,

228 1009 360 1082 inquam,
380 1009 471 1068 dicere
494 1008 582 1086 posses
599 1052 607 1080 ,
627 1010 647 1068 fi
668 1010 810 1086 sequerere
830 1007 1034 1082 Pyrrhonem,
1055 1022 1103 1069 aut

227 1084 396 1144 Aristonem.
434 1089 584 1167 nec‘enim
605 1088 738 1161 ignoras,
777 1085 818 1143 his
839 1082 908 1142 istud
932 1083 1105 1156 honestum,

227 1162 447 1221 nonsummum
469 1163 558 1222 modo
574 1204 582 1230 ‚
600 1162 646 1221 sed
660 1163 743 1221 etiam
764 1161 807 1235 (ut
820 1171 850 1218 tu
864 1158 917 1232 vis)
935 1158 1028 1219 solum
1052 1162 1104 1221 bo·

227 1254 296 1295 num
310 1238 405 1298 videri.
443 1239 520 1316 quod
535 1238 554 1297 fi
569 1241 606 1297 ita
622 1238 658 1296 est
675 1281 683 1308 ,
701 1238 821 1315 sequitur
839 1234 867 1294 id
886 1234 975 1368 ipsum
993 1279 1002 1306 ,
1021 1238 1103 1313 quod

227 1325 255 1369 te
277 1315 347 1372 velle
369 1313 476 1384 video,
504 1331 603 1374 omnes
623 1315 729 1390 semper
751 1313 846 1372 beatos
872 1328 888 1369 e
911 1329 926 1369 e
955 1311 1102 1388 sapientes.

226 1388 315 1448 hosne
335 1392 415 1465 igitur
435 1391 549 1461 laudas,
576 1392 605 1449 &
625 1392 697 1449 hane
718 1406 816 1449 eorum
838 1387 1002 1446 sententiam
1022 1388 1101 1466 sequi

226 1482 278 1523 nos
299 1466 390 1526 censes
411 1466 567 1543 oportere?
586 1463 709 1525 Minime
731 1464 799 1524 verb
820 1463 932 1522 istorum
962 1463 1100 1541 quidem,

97 1574 100 1594 r
224 1541 322 1616 inquit.
361 1543 426 1603 clim
448 1546 524 1602 enim
545 1544 650 1601 virtutis
669 1544 725 1601 hoc
754 1541 895 1617 proprium
917 1540 974 1610 sit,
1001 1557 1098 1602 earum

56 1653 85 1693 ,s
102 1635 214 1686 dilectum
226 1635 335 1687 rerum,
355 1637 420 1694 quae
433 1618 582 1678 secundum
595 1631 721 1678 naturam
736 1616 912 1686 fint,habere
926 1616 1095 1687 ⁸deledlum3

74 1704 124 1748 aar.
226 1694 275 1769 qui
289 1696 384 1753 omnia
399 1694 435 1753 fic
449 1707 679 1772 exaequaverunt,
700 1706 730 1753 ut
743 1695 771 1752 in
785 1706 932 1768 utramque
945 1696 1097 1769 partemin

73 1793 202 1845 retusam
227 1772 299 1845 paria
322 1771 490 1840 redderent,
510 1774 551 1830 uti
571 1772 643 1830 nulla
664 1770 810 1830 seledione
832 1778 974 1829 uterentur
992 1769 1092 1843 tejas,

73 1856 149 1905 delent.
227 1848 359 1905 virtutem
373 1848 456 1922 ipsam
469 1848 637 1921 sustulerunt.

182 1934 213 1993 13
266 1922 338 1982 lslud
352 1925 464 2000 quidem
482 1967 491 1994 ,
511 1926 650 2001 inquam,
670 1921 776 2000 optime
797 1921 885 1982 dicis:
907 1920 953 1980 sed
972 1936 1095 1998 quaeto,

73 2008 88 2042 v
105 2007 193 2069 numne
225 2009 342 2058 vnonne
357 2001 405 2059 tibi
419 2001 576 2059 faciendum
592 2002 666 2059 idem
681 2000 736 2070 srt,
756 1998 822 2058 nihil
844 1998 947 2057 dicenti
969 1997 1097 2066 bouum,

71 2059 123 2107 ⁴²¹¹·
226 2076 304 2150 quod
318 2095 376 2135 non
402 2077 507 2137 redum
528 2078 730 2152 honestumque
752 2075 801 2145 fit,
821 2075 987 2150 reliquarum
1001 2090 1096 2132 rerum

225 2151 370 2211 discrimen
386 2172 472 2211 omne
488 2151 615 2211 tollenti?
635 2155 663 2210 Si
678 2152 808 2228 quidem,
829 2152 936 2226 inquit,
955 2149 1096 2209 tollerem:

180 2226 418 2302 ¹4sedrelinquo.
457 2232 592 2304 Quonam
608 2228 714 2296 modo,
733 2229 867 2303 inquam,
887 2225 978 2285 sruna
994 2227 1096 2295 virtus,
1137 2276 1141 2289 ,

184 2352 187 2357 Δ
223 2321 311 2363 unum
327 2303 413 2374 illud,
432 2304 510 2381 quod
524 2305 670 2363 honestum
692 2305 830 2380 appellas,
850 2303 956 2361 redium
973 2342 983 2372 ,
1003 2303 1098 2365 lauda·

176 2380 179 2385 ’
224 2378 302 2449 bile,
322 2380 455 2439 decorum
484 2381 553 2455 (erit
575 2383 650 2441 enim
673 2383 765 2439 notius
791 2379 870 2454 quale
898 2378 953 2448 sit,
974 2378 1096 2454 pluribus

223 2468 352 2513 notatum
368 2456 505 2515 vocabulis
518 2457 594 2515 idem
610 2456 817 2528 declarantibus)
826 2454 855 2513 id
870 2470 952 2530 ergo,
967 2455 1097 2530 inquam.
1123 2488 1126 2495 ·

143 2530 147 2537 '
221 2528 344 2589 fisolum
360 2531 397 2589 est
410 2533 535 2601 bonurn,
555 2534 621 2610 quid
641 2533 750 2592 habebis
772 2543 904 2608 praeterea
919 2573 929 2600 ,
945 2530 1037 2607 .quod
1057 2531 1098 2590 se·

193 2633 195 2638 ·
242 2606 328 2664 uate?
348 2620 417 2677 aut,
437 2607 538 2668 srnihil
554 2610 676 2678 malurn,
696 2608 746 2667 nifi
761 2607 838 2684 quod
858 2618 955 2681 turpe„
975 2605 1098 2667 ibbone·

222 2623 311 2751 aum,
331 2684 518 2756 indecorum,
539 2704 677 2762 pravum,
697 2683 883 2759 flagitiosum,
902 2681 1019 2741 ‘soedum
1036 2726 1047 2751 ,
1067 2696 1098 2743 ut

222 2759 279 2817 hoc
294 2778 408 2837 quoque
424 2763 540 2837 pluribus
554 2762 712 2822 nominibus
731 2759 836 2834 insigne
849 2759 982 2817 faciamus
998 2778 1006 2816 t
1027 2758 1097 2835 quid
1131 2826 1136 2839 Ι

222 2850 354 2910 praeterea
369 2836 442 2896 dices
456 2836 509 2896 esse
525 2835 708 2914 fugiendum?
729 2837 796 2894 Non
812 2837 948 2911 ignoranti
964 2877 973 2904 ‚
993 2835 1097 2912 inquit,

84 2929 109 2977 r.
124 2911 288 2983 xclittibi,
308 2913 374 2990 quid
389 2913 439 2971 slm
454 2914 590 2986 didurus,
609 2914 655 2973 sed
675 2912 801 2991 aliquid,
822 2924 852 2970 ut
875 2928 928 2988 ego
949 2910 1096 2986 suspicor,

1059 3006 1095 3047 ex

254 3164 290 3204 ιε.
308 3161 380 3220 Neque
390 3157 496 3218 dffirmare
505 3174 546 3221 qua
558 3158 654 3204 meliores
662 3158 758 3218 [Μαι]
772 3153 911 3219 Legendum
926 3155 1007 3217 potius
1017 3152 1097 3216 Affir-

218 3233 299 3264 mare:
315 3220 380 3281 quod
393 3220 489 3267 verbum
506 3223 531 3268 δι
547 3219 604 3283 quid
619 3218 734 3284 significet
750 3232 863 3283 apparet,
881 3221 904 3266 δι
923 3219 979 3265 alibi
991 3218 1097 3279 legimus

219 3280 338 3336 t'nsortrure
356 3283 549 3342 conformataque,
581 3295 606 3330 ut
628 3287 733 3331 alienum
752 3281 811 3330 illud
833 3297 882 3329 non
904 3279 990 3327 debeat
1012 3280 1096 3331 videri.

170 3371 174 3379 ·
219 3348 299 3390 Camer.
321 3351 393 3405 Neque
404 3346 529 3402 affirmare]
546 3343 582 3392 Ab
593 3347 667 3392 exilio
679 3348 786 3395 revocavi
799 3347 859 3392 hanc
870 3341 1095 3406 scripturam,quod

215 3403 324 3453 &Aldus
335 3406 486 3455 &victorius
497 3421 549 3453 eam
561 3406 730 3467 exhibuissent,
746 3409 890 3470 baretetque
899 3408 924 3456 in
932 3407 988 3456 eall.
997 3409 1046 3457 sex.
1059 3421 1097 3455 re·

215 3468 332 3518 cautiores
343 3467 483 3519 admiserant
496 3467 579 3531 afferre.
611 3473 705 3521 Gruter.

995 3547 1031 3587 m
1049 3538 1098 3600 rp-
1122 3516 1141 3531 ..
