2318 3914
240 137 323 220 2546
446 133 509 198 Dr
529 132 616 197 Fru.
639 129 736 196 Bou.
757 148 809 199 nn
830 128 949 197 Mun.

239 241 338 299 omnia
360 240 390 299 &
410 237 485 296 bona
519 238 550 296 dt
575 238 671 303 mala;
699 254 763 311 quae
782 236 897 313 quidem
919 235 1047 307 dicunt}
1074 236 1122 316 qui

84 304 217 388 tnaletud.
238 333 395 391 numquam
416 313 611 390 philosophum
627 313 751 388 pictum,
771 326 801 371 ut
824 313 949 382 dicitur,
970 313 1121 385 viderunt,

85 377 138 423 ⁸²²¹·
181 432 188 446 .
237 392 451 459 tvalitudinem,
471 392 560 458 vires,
579 389 706 447 staturam
725 431 733 456 ,
753 390 899 458 formam,
926 390 1120 465 integritatem

86 447 231 549 maranum
240 469 452 545 unguiculorum
480 466 657 534 'omnium3
692 465 898 526 deformitatem
923 508 933 536 ,
959 467 1122 539 morbum,

89 561 167 610 nont.
243 545 466 613 7¹debiiitatem‚
485 544 566 601 mala.

196 622 229 680 81
280 623 378 694 t²Jam
392 621 436 679 illa
450 617 670 694 externa,parcd
683 630 714 677 tu
727 618 859 696 quidem:
878 618 925 679 sed
937 619 1005 679 haec
1014 619 1119 690 ‚¹cdm

89 715 107 750 x
128 697 366 773 cortortscorporis
379 698 453 755 bona
467 696 542 763 sint,
570 712 670 754 eorum
691 695 868 755 conficientia
888 694 967 755 certe
989 697 1020 755 in
1042 697 1120 758 bonis

54 804 58 815 ·
90 760 222 812 cumbona
244 773 416 842 numerabis,
435 774 558 839 amicos,
576 772 693 839 liberos,
712 790 762 847 pro
781 773 900 847 inques,
919 772 1053 843 divitias,
1071 775 1121 834 ho·

91 827 227 935 ‘ww
245 848 343 919 nores,
363 867 438 925 opes.
475 860 573 907 contra
586 848 669 906 thaec
683 790 794 907 attende
815 859 882 906 ²me
903 848 976 908 nihil
990 848 1118 911 ⁸dicere:

93 902 110 999 ζ
125 963 177 998 non
189 919 235 997 dic:
246 927 266 985 fi
279 927 325 985 ista
341 927 413 984 mala
425 925 503 994 suut,
523 926 552 982 in
566 941 630 1000 quae
645 925 732 999 potest
746 923 868 984 incidere
881 924 1119 1001 sapiens,sapien·

94 1015 188 1063 alveo.
245 1015 304 1062 tem
326 999 380 1061 effe
396 1044 405 1071 ,
424 1021 484 1061 non
506 998 560 1059 effe
580 1000 614 1059 ad
634 999 712 1059 beate
734 1001 887 1059 vivendum
912 1002 984 1061 satis.
1024 1002 1117 1063 Immd

94 1072 334 1148 Uidfflffleverd,
354 1079 460 1154 inquit,
479 1078 515 1136 ud
528 1075 678 1136 beatiffimd
690 1078 860 1147 vivendum,
882 1094 982 1152 parum
1004 1078 1068 1138 est:
1087 1080 1117 1139 ad

97 1135 327 1213 nihil-amhbeaffi,
341 1173 426 1224 vero,
446 1155 513 1213 satis.
551 1153 761 1222 Animadverti,
779 1154 912 1228 inquam,
930 1166 963 1213 te
983 1154 1038 1214 isto
1060 1174 1118 1216 mo·

96 1201 460 1306 1’'cxm'dopauloantd
475 1248 595 1306 ponere:
616 1231 647 1289 ὃ(
659 1228 715 1288 scio
729 1230 763 1287 ab
782 1229 927 1288 Antiocho
948 1231 1048 1291 nostro
1070 1232 1119 1291 dici

247 1307 284 1366 sic
297 1308 391 1366 solere.
429 1307 475 1367 sed
487 1306 554 1384 quid
569 1306 658 1365 minus
682 1305 855 1381 probandum
882 1304 972 1382 quim
1000 1304 1059 1367 effe
1078 1309 1121 1367 ali·

246 1402 333 1459 quem
348 1386 475 1454 beatum,
496 1401 549 1442 nec
564 1384 623 1442 satis
636 1379 771 1441 beatum?
791 1382 879 1457 Quod
893 1394 991 1443 autern
1003 1382 1068 1444 satis
1075 1385 1118 1453 eii.

249 1460 287 1518 eo
300 1461 434 1536 quidquid
447 1457 601 1529 accederit,
622 1460 741 1518 nimium
757 1459 794 1518 est
810 1478 817 1517 ι
836 1459 867 1517 &
887 1476 978 1519 nemo
999 1460 1118 1521 nimihm
1141 1489 1147 1501 ⁵

249 1536 343 1595 beatus
358 1538 410 1595 est:
432 1538 461 1595 ὃ(
475 1554 563 1595 nemo
577 1537 660 1594 beato
674 1535 788 1593 beatior.

204 1619 242 1676 82
290 1614 390 1688 Ergo,
410 1615 515 1689 inquit,
536 1611 582 1670 tibi
597 1615 636 1688 Q.
653 1610 782 1670 Metellus
798 1652 807 1679 ,
826 1611 875 1687 qui
893 1622 950 1670 tres
968 1609 1045 1673 filios
1057 1631 1121 1673 con·

253 1689 320 1747 suies
348 1689 440 1756 vidit,
467 1688 601 1765 equibus
620 1704 709 1747 unum
737 1688 822 1747 etiam
856 1688 887 1745 δι
914 1687 1065 1750 censorem
1095 1692 1122 1751 dt

252 1765 469 1839 triumphantem
480 1778 625 1840 ,quartum
640 1777 733 1822 autem
748 1767 1121 1842 praetorem‚eosquesalrot

253 1841 378 1916 reliquit,
400 1844 429 1900 ὃ(
442 1855 495 1900 tres
510 1840 575 1899 filias
589 1852 709 1916 nuptas,
730 1840 862 1913 cumipse
884 1841 982 1900 consul
998 1884 1010 1913 ,
1030 1843 1122 1903 censor

102 1918 335 1976 brnodouretiam
358 1935 498 1994 augurque
519 1914 609 1983 fuitset
633 1918 664 1975 ὃς
690 1914 898 1992 triumphaffet:
937 1916 993 1977 but
1023 1919 1124 1995 sapiens

102 1994 157 2051 ⁶¹²⁸)-
169 1988 245 2037 tanat.
253 1995 353 2063 fuerit,
372 2013 469 2053 nonne
492 1994 597 2052 beatior
632 1992 741 2070 quim,
761 2007 792 2052 ut
811 1994 879 2050 item
898 1990 1007 2069 sapiens
1028 1996 1126 2067 fuerit,

256 2071 304 2145 qui
318 2072 347 2204 in
361 2071 492 2186 potestate
505 2070 644 2140 hostium,
664 2070 761 2146 vigiliis
787 2071 817 2127 ἃ
839 2066 930 2129 inedid
951 2083 1072 2133 necatus
1090 2074 1126 2133 est

253 2148 297 2204 Re
316 2164 400 2204 uus.

294 2164 556 2297 lngVIII.Qu1o
580 2239 628 2280 ur
649 2222 719 2280 istud
742 2239 838 2299 rogas,
856 2222 998 2298 inquam?
1021 2226 1128 2287 Stoicos

255 2313 331 2373 roga.
370 2298 449 2375 Quid
462 2300 560 2374 igitur,
580 2299 687 2375 iuquit,
707 2317 754 2359 eos
768 2298 940 2376 responsuros
953 2301 1059 2378 putas?
1073 2306 1129 2443 hllllr

1111 2399 1129 2441 o

287 2606 325 2651 71.
342 2592 495 2651 Debilitatem,
510 2595 576 2642 maia.
609 2595 662 2654 Jam
677 2596 720 2643 itta
734 2607 838 2650 extuat,
851 2603 912 2655 pam
926 2606 954 2645 tu
968 2600 1085 2661 quidem
1095 2600 1131 2663 sad

257 2659 362 2719 lactan]
374 2664 410 2708 lta
421 2657 619 2720 distinguitetiam
626 2659 700 2707 Aldus
710 2657 792 2707 senior.
809 2654 847 2706 sed
857 2656 953 2709 iuterim
963 2674 1052 2713 tamen
1062 2664 1133 2714 aliam

151 2716 155 2727 “
256 2719 472 2786 ἱηῐειριιηᾶἱοιιειη
483 2721 780 2778 introduxerarvitlorius3
797 2720 966 2787 hancnempe;
983 2728 1133 2784 debilitatem,

257 2787 374 2845 mlayam
384 2788 426 2832 illa
436 2798 528 2833 externa.
546 2783 612 2831 Parce*
623 2787 757 2848 tequidem,
768 2786 806 2844 sed
816 2786 855 2830 hec
865 2785 911 2834 ἐπ.
933 2789 1068 2848 quomodo
1079 2790 1134 2838 item

261 2845 311 2896 fere
319 2849 376 2898 Pall.
383 2863 474 2897 omnes.
482 2848 591 2897 Lambin.
599 2847 651 2897 heic
661 2847 725 2896 addit
733 2886 740 2901 ‚
748 2846 822 2896 demit
829 2880 836 2903 ,
843 2858 933 2904 mutat,
943 2853 1042 2914 regium
1050 2854 1135 2902 inmo·

191 2952 192 2956 ,
261 2923 320 2960 tem.
338 2926 383 2959 noe
394 2911 520 2960 maluimus
531 2909 638 2976 quadam
647 2912 765 2975 ignorare.
798 2913 885 2957 Gruter.

294 2990 331 3031 72.
348 2975 401 3033 Jam
417 2976 460 3022 illa
474 2989 559 3022 externat
572 2974 634 3037 patce'
644 2976 764 3038 mquidem
777 3007 784 3030 ,
794 2974 834 3033 sed
845 2968 997 3036 citracorporis
1009 2976 1064 3025 bona
1074 2980 1134 3039 fiat]

262 3039 333 3085 Hunc
344 3038 425 3086 locum
437 3036 523 3087 duabus
533 3038 629 3087 vocibus
640 3037 665 3085 in
678 3036 786 3087 ordinem
798 3034 907 3085 restitutis
917 3038 1051 3091 emendavi
1064 3058 1072 3089 ε
1088 3056 1133 3106 quo

263 3098 395 3158 tudinium
416 3098 531 3149 sententia
568 3099 686 3149 laniffima
705 3101 745 3150 est.
779 3100 835 3163 Jam
851 3099 893 3148 illa
914 3112 1018 3151 externa
1035 3104 1072 3166 (iu
1091 3106 1122 3155 uir

262 3160 332 3222 parce
343 3175 369 3209 ru
380 3163 476 3226 quidem
484 3114 568 3212 dictsss
1073 3120 1089 3217 d
1103 3108 1132 3217 eid

262 3238 314 3284 quae
325 3223 355 3270 ad
366 3239 448 3288 eorpus
463 3227 601 3288 pertinent,
616 3222 681 3272 bona
696 3228 818 3290 appelles,
835 3240 917 3275 eorum
935 3228 1052 3290 proferro
1062 3229 1134 3281 conti·

261 3286 360 3341 cientia,
377 3302 463 3349 nempe
474 3301 584 3345 externa,
606 3302 658 3350 quae
668 3286 720 3336 sunt
730 3288 847 3344 fortunar,
868 3289 893 3336 in
907 3287 979 3338 bonis
992 3293 1131 3344 numerabis.

259 3350 327 3397 Licet
338 3350 409 3397 etiam
420 3349 469 3397 hac
478 3351 606 3414 posteriora
617 3349 649 3399 src
659 3351 750 3414 legere,
761 3353 800 3411 sed
809 3354 850 3397 lac
858 3356 949 3414 carparis
959 3350 1011 3401 uim
1020 3358 1074 3403 lona
1082 3358 1133 3413 fiet,

262 3428 334 3458 coriam
343 3412 400 3475 prof.
416 3427 473 3460 nam
484 3413 594 3478 scriptura
608 3414 705 3477 vulgata
716 3414 748 3469 ‚i
766 3427 814 3472 qua
828 3429 879 3461 non
891 3412 1009 3478 dilcrepat
1025 3420 1133 3483 antiqua,

255 3476 294 3534 sed
310 3477 349 3523 lac
360 3492 408 3524 cum
417 3480 508 3540 corporis
516 3478 569 3525 bona
575 3477 634 3539 fint,
648 3477 688 3528 vix
698 3476 830 3528 toletabilis
844 3475 884 3528 est.
916 3480 1022 3533 tantia.

1057 3559 1096 3603 73.
1110 3548 1131 3593 1·

568 3176 628 3211 ona:
645 3162 684 3212 sed
697 3176 786 3211 tamem
796 3164 852 3212 curn
862 3162 911 3211 hac
921 3167 1049 3227 emporia,
1063 3169 1072 3217 i
