2318 3914
204 125 287 210 2346
400 120 573 188 Duum.
594 120 693 187 Bou.
714 141 766 187 tn
787 123 901 191 Mar.

59 269 72 303 ,
96 234 308 304 ,prmumdium
327 245 380 289 nec
392 231 539 297 ultimum,
560 248 612 308 nec
626 242 800 293 ⁸extremum
815 233 846 293 fit
861 278 870 305 ‚
888 236 927 295 ita
943 236 1033 309 fetri,
1052 250 1078 300 ut

60 317 148 368 Mula
178 351 180 355 -
199 307 433 369 concursionibus
448 309 518 366 inter
530 307 556 365 se
570 309 775 368 cohaetescant:
797 330 831 369 ex
846 330 906 389 quo
921 314 1077 375 efficiantur

61 381 120 431 ‘1³¹2'
209 404 261 455 ea,
280 402 345 462 quae
359 383 428 451 srnt,
446 401 566 461 quaeque
581 389 860 454 cernantunomnia:
880 406 1013 467 eumque
1021 410 1079 451 mo·

102 448 127 495 ²·
145 447 173 497 ⁸·
209 477 270 522 tum
286 475 446 520 atomorum
460 461 536 519 nullo
549 461 566 518 ir
580 461 731 537 principib,
750 462 796 522 sed
816 482 851 522 ex
871 477 985 526 aeterno
1008 482 1080 527 tem·

208 557 278 616 pore
293 537 405 612 intelligi
420 538 580 596 convenire.
964 542 967 546 “

171 631 206 692 18
249 617 381 691 Epicurus
403 626 521 683 autem,
546 613 575 671 in
597 613 694 690 quibus
712 614 832 692 sequitur
851 619 1078 690 Democritum,

164 713 186 721 ··
208 710 270 753 uon
286 690 342 750 ferd
356 690 458 749 labitur.
475 718 479 741 :
497 707 665 765 quamquam
683 694 822 768 utriusque
836 693 899 752 clun
915 698 1010 755 multa
1025 715 1077 757 nou

210 769 317 845 probo,
336 780 396 825 tum
410 765 476 824 illud
490 766 519 825 in
534 767 626 839 primis
635 809 643 835 ,
653 766 741 842 qubd,
752 768 815 826 clun
829 771 968 830 interum
986 786 1077 832 natura

212 846 270 905 duo
284 841 431 921 quaerenda
445 841 513 908 sant,
532 859 644 908 unum,
664 861 727 918 quae
748 848 860 903 materia
882 846 939 916 sat,
970 867 1008 907 ex
1030 866 1076 926 qut

63 942 74 976 t
89 927 193 977 effictae·
207 928 334 998 quae'que
348 917 562 985 restefficiatur,
582 920 714 986 alterum,
735 937 799 992 quae
814 923 853 979 vis
867 920 994 1000 srt,quae
1003 926 1076 1001 quid·

63 993 159 1042 curatii.
215 1015 271 1075 que
286 996 401 1062 efficiat,
421 994 456 1052 de
473 995 586 1053 materia
600 992 776 1053 disseruerunt
792 1018 801 1062 3
829 999 888 1056 vim
916 1002 948 1059 &
972 1002 1076 1061 causam

214 1073 351 1132 efficiendi
366 1071 540 1146 reliquerunt.
576 1070 621 1129 sed
634 1072 690 1128 hoc
704 1088 857 1131 commune
878 1076 983 1135 vitium
1002 1097 1010 1135 ς
1029 1079 1077 1137 illa

211 1150 323 1225 Epicuri
338 1149 564 1222 propriaeruinae.
603 1147 693 1205 censet
706 1149 805 1216 enim,
825 1149 923 1209 eadem
945 1153 992 1211 illa
1012 1155 1077 1214 indi·

211 1226 294 1284 vidua
329 1226 358 1282 &
391 1222 475 1282 solida
495 1240 611 1296 corpora
643 1224 706 1282 ferri
726 1223 775 1283 suo
797 1224 924 1285 deorsum
956 1232 1077 1306 pondere

95 1370 97 1375 ι
215 1313 243 1355 27
253 1302 287 1360 ad
300 1300 423 1360 lineam:
460 1297 571 1359 2811unc
584 1300 735 1359 naturalem
756 1298 808 1360 elle
829 1306 962 1363 omnium
979 1324 1077 1384 corpo

197 1397 276 1447 ¹rum
300 1389 421 1434 motum.

55 1452 57 1459 '
170 1472 205 1533 19
249 1453 361 1513 Deinde
373 1451 475 1510 ibidem
489 1453 579 1511 homo
592 1465 710 1522 acutus,
729 1451 793 1511 clam
815 1454 881 1515 illud
902 1471 1076 1527 occurreretr

210 1530 232 1589 fi
246 1530 342 1590 omnia
355 1528 481 1587 deorsum
496 1527 512 1587 ὲ
525 1530 639 1602 regione
654 1532 786 1588 ferrentur
801 1573 810 1599 ,
831 1533 878 1601 bc,
898 1545 930 1591 ut
946 1534 1030 1605 dixi,
1048 1536 1077 1595 al

137 1621 140 1626 '
209 1608 331 1674 lineam,
351 1602 505 1680 numquam
519 1605 600 1673 fore,
621 1617 651 1663 ut
667 1619 775 1665 atomus
789 1608 870 1666 altera
890 1609 1009 1670 alteram
1025 1610 1077 1689 pos-

113 1735 116 1739 .
210 1684 252 1744 set
259 1685 398 1756 attingere
412 1701 419 1739 ι
440 1682 570 1756 uitaque
584 1681 673 1739 attulit
688 1699 747 1740 rem
762 1686 1015 1747 commenticiam:
1035 1689 1076 1747 de·

213 1761 314 1818 clinare
329 1758 397 1816 dixit
409 1769 536 1814 atomum
550 1759 737 1831 perpaullum:
757 1777 815 1834 quo
829 1761 897 1818 nihil
919 1760 1013 1835 pollet
1026 1762 1076 1825 ueri

211 1835 314 1901 minus.
352 1835 389 1897 ita
403 1833 475 1896 effici
489 1832 714 1911 complexiones,
735 1835 971 1911 &copulationes
987 1883 998 1911 ,
1019 1842 1077 1975 Ἤ

211 2141 246 2186 tit
256 2137 335 2186 deerat
342 2135 433 2184 Aldine
443 2134 542 2185 editioni
552 2135 624 2185 veteri
637 2135 835 2189 &Lambinianan
847 2137 968 2189 victorius
979 2154 1035 2191 am
1044 2138 1077 2189 nd·

138 2234 141 2243 ·
212 2199 289 2257 milit,
305 2197 343 2247 sed
354 2199 430 2248 adhuc
440 2213 535 2262 quoque
545 2200 659 2256 alteram,
672 2202 730 2247 nibil
739 2199 795 2264 aqui
801 2234 810 2259 ,
824 2216 875 2265 qua:
885 2201 911 2249 in
922 2203 996 2252 nullo
1005 2216 1078 2254 tame

210 2263 355 2323 uosttotutn.
373 2265 476 2315 'Grutetc

249 2342 284 2381 27·
302 2326 347 2374 ΛΑ
357 2327 456 2382 lineam]
475 2329 583 2373 Muretus
597 2323 720 2376 adnotavit
733 2326 768 2374 lria
779 2322 873 2375 vocibus
882 2319 1078 2390 significamur
1105 2367 1109 2389 ,

216 2390 322 2447 cubitia·
353 2386 401 2437 vidi
417 2388 457 2449 qui
477 2390 552 2451 magis
567 2402 597 2434 err
612 2401 662 2436 arte
679 2422 686 2443 ,
709 2402 732 2438 ut
750 2387 859 2443 videtur,
874 2389 1078 2455 interpretantium
1105 2430 1109 2451 ,

219 2450 391 2511 ὅμθηοίμμας.
408 2453 547 2507 Excutiam,
562 2448 652 2498 litanti
662 2452 713 2509 est,
727 2464 805 2501 utrum
814 2451 898 2499 melius
909 2449 958 2510 fit,
975 2453 1019 2519 qui
1032 2454 1079 2503 otiu

215 2511 344 2563 abundant.
360 2512 420 2564 mihi
430 2529 480 2561 non
491 2525 565 2562 uacat.
600 2515 696 2578 Verbmg.
1106 2526 1111 2561 t

249 2585 288 2631 28.
303 2582 365 2624 Hunc
379 2578 499 2623 naturalem
514 2576 552 2638 affe
566 2580 661 2624 omnium
677 2590 786 2640 corporum
800 2582 901 2633 metm]
930 2581 1023 2627 otum
1033 2588 1081 2643 pu·

214 2640 290 2691 derum
304 2653 384 2687 motum
396 2639 523 2703 legendum
533 2651 598 2702 puto.
632 2646 737 2688 cmmr.

245 2718 283 2757 29.
299 2710 376 2766 ltaque
383 2704 461 2751 attulit
470 2719 513 2749 rem
524 2705 711 2761 cummium]
724 2700 867 2752 Aduerbium
882 2703 901 2747 it
930 2716 958 2747 ue
969 2699 1081 2755 abundate

215 2764 320 2823 videtur,
337 2764 511 2824 delendumque
521 2764 635 2821 omuino,
651 2767 706 2829 quia
717 2764 780 2815 abest
790 2768 803 2812 d
815 2777 893 2812 verere
903 2763 920 2810 li
937 2778 984 2820 ro,
993 2767 1023 2825 ej'
1038 2766 1045 2777 ⁸

214 2840 241 2879 te
250 2831 323 2879 eriam
333 2828 455 2878 sententia.
468 2830 540 2876 vrdn.
561 2833 647 2891 uroque
663 2831 739 2877 attulit
753 2844 798 2876 nm
814 2828 871 2885 ba]
884 2823 1037 2888 suspicantur
1047 2824 1083 2877 ui

212 2889 336 2941 abundare
345 2891 404 2939 illud
415 2895 500 2953 iraque,
514 2888 556 2936 alii
567 2902 660 2941 mutant
671 2892 696 2938 in
708 2895 748 2941 ira.
781 2889 869 2939 verbm
879 2888 935 2939 clun
946 2889 1018 2941 restet
1027 2904 1082 2939 eon·

216 2951 304 3003 stanter
314 2955 339 3002 in
351 2954 460 3002 omniurn
472 2951 615 3001 membranis
629 2960 637 3010 3
652 2967 692 3003 eur
707 2955 730 3003 ei
744 2966 869 3003 moremus
883 2950 1084 3007 controverfiui

215 3016 283 3078 supra
293 3030 390 3079 quoque
403 3017 449 3064 Pal.
461 3017 530 3080 prim.
539 3013 624 3069 babet,
639 3016 724 3078 ἄωροι
736 3021 747 3064 ἑ
758 3019 856 3076 regione,
871 3012 938 3075 quod
950 3030 1004 3071 non
1012 3014 1085 3065 deni·

215 3080 268 3191 gilo
278 3077 409 3142 expteffum
422 3079 455 3129 est
466 3080 492 3129 in
503 3079 634 3142 exemplati
645 3080 670 3128 bt
681 3076 842 3143 autiquiffimo
849 3079 874 3127 ἀ
884 3076 1086 3133 emendatum.

240 3155 306 3190 mter.
909 3150 912 3157 “

251 3221 289 3259 30·
303 3211 333 3253 Er
349 3207 532 3264 autumationes]
560 3209 615 3254 Hac
631 3203 664 3252 est
680 3202 789 3269 scriptura
805 3204 914 3253 omnium
925 3200 1085 3255 Palatinum

123 3304 126 3311 -
219 3263 267 3317 sen.
278 3268 426 3333 eandemque
435 3268 481 3317 elle
491 3270 549 3317 item
561 3267 669 3316 codicum
680 3268 781 3317 aliomm
795 3267 919 3315 annotavit
936 3265 1085 3317 eutium

221 3330 317 3394 vulgati
328 3333 401 3394 ptius,
418 3333 551 3389 adbafiones,
567 3333 699 3392 cetinetque
709 3330 856 3385 Lambinus,
871 3327 909 3377 sed
921 3344 973 3378 non
983 3330 1044 3379 item
1054 3328 1086 3377 iu·

168 3396 172 3403 ’
220 3392 296 3447 dicat,
313 3408 352 3443 eur
363 3396 449 3449 reliciat
460 3396 573 3451 alterum,
590 3393 656 3457 quod
666 3396 739 3457 reperi
748 3407 830 3443 tamen
842 3393 866 3441 in
879 3392 990 3441 Palatino
1002 3390 1086 3441 infima

221 3455 355 3515 vetustatisa
369 3458 472 3526 ideoque
482 3457 596 3528 indigno,
610 3470 683 3523 quern
692 3455 805 3527 perperub
815 3453 972 3513 consulerem.
989 3456 1058 3504 Idan.

956 3533 995 3581 u·
1012 3518 1086 3589 θεέ·
