2318 3914
231 118 421 185 Linon
462 114 768 199 Quantus.
860 126 941 197 2503

69 229 172 310 injuria
184 230 316 292 verberat.
353 228 464 287 ⁷⁶Haec
486 245 546 288 non
567 226 662 287 uidere
677 268 687 297 ‚
705 224 821 301 77cujus
839 226 949 301 generis

70 326 146 369 onus
159 308 346 375 nauriebat,
366 306 400 363 ad
415 305 602 381 gubernatoris
616 318 702 363 artern
718 304 785 362 nihil
792 301 943 379 pertinere?

69 386 197 460 itaque,
227 400 323 443 aurum
352 381 513 457 ⁸paleamve
539 392 661 457 portet,
699 380 733 437 ad
754 379 825 438 bene
842 393 889 437 aut
904 379 960 439 ad³
985 366 1093 429 ΝΜ·

71 459 147 518 rnalb
168 458 378 538 gubernandum
404 456 473 517 nihil
492 454 626 515 interesse.
664 455 779 531 utquid
800 456 871 514 inter
892 474 941 531 pa·

950 442 980 477 ne
989 434 1068 483 Lami.

72 548 183 599 rentem
209 539 239 596 δι
265 535 404 593 servulum
431 532 535 592 interlit
559 533 673 607 intelligi
693 531 826 607 &potest
852 534 881 589 bc
895 532 944 590 de·
985 528 1009 573 Ρ·
1029 528 1056 574 ¹⁵·

68 610 125 671 bet.
145 630 212 689 ergo
233 613 262 670 in
278 610 458 687 gubernando
472 608 557 680 nihil,
576 612 606 668 in
622 608 716 667 officio
730 608 878 684 plurimum
899 608 943 665 in-

67 688 168 757 terest,
186 706 245 765 quo
259 689 288 745 in
302 704 404 761 genere
416 698 554 761 peccetur.
574 687 622 744 t&
642 684 662 743 sr
682 686 711 743 in
730 684 785 759 ipsa
806 685 959 759 guberna-t
974 685 1017 735 etii

68 762 345 840 nonevnegligentia
358 762 395 820 eil
408 762 484 821 navis
498 762 608 831 eversa,
629 761 717 835 majus
732 760 770 819 est
791 772 937 835 peccatum
948 748 1023 859 '‘⁴3³¹'-
1052 811 1061 860 Ι

22 858 24 863 ·
67 839 101 899 in
130 858 198 899 auto
225 838 312 917 quim
327 840 355 896 in
388 838 455 897 alea.
493 837 633 897 Omnibus
651 839 726 897 enirn
747 838 846 895 artibus
858 838 939 895 voln-
947 824 1069 921 ymno.

68 932 132 975 mus
153 916 310 975 attributam
331 932 347 972 e
369 932 384 971 e
405 931 495 983 eam,
529 930 594 988 quae
614 914 773 972 communis
793 913 940 988 appellatur
1006 910 1014 926 ‘

69 992 236 1067 prudentia:
255 1008 339 1068 quarn
355 1008 472 1059 omnes,
492 992 539 1066 qui
553 989 652 1063 cuique
663 988 778 1049 artificio
798 988 938 1063 praesunt,
1012 1033 1017 1045 .
1019 1030 1034 1079 d

71 1067 175 1201 debent
188 1069 296 1127 habere.
335 1067 375 1125 lta
389 1085 425 1125 ne
437 1066 493 1125 hoc
507 1066 618 1125 modox
627 1068 699 1142 paria
713 1066 826 1142 quidem
840 1046 1076 1161 pecca-{¹22¹JJ

69 1154 99 1202 12
124 1156 181 1202 Usst·
947 1162 1023 1210 uano.

22 1269 28 1290 ,
108 1219 244 1279 XXVIII.
270 1220 444 1277 Unosur
483 1230 577 1278 tamen
617 1220 647 1279 δι
686 1219 754 1279 nihil
784 1220 981 1296 tonitruus„

73 1296 219 1369 Quoniam
237 1339 246 1365 ‚
265 1297 422 1373 inquiunt,
461 1312 548 1353 onrne
569 1306 713 1371 peccatum
747 1296 938 1355 imbecillitatis

71 1372 102 1429 &
117 1373 308 1431 inconstantiae
323 1372 377 1430 est:
396 1373 458 1431 haec
482 1383 575 1430 autern
601 1372 667 1430 vitia
691 1374 719 1431 in
735 1373 862 1431 omnibus
876 1371 939 1431 stul·

70 1448 105 1505 tis
127 1448 207 1524 aequb
229 1446 432 1523 magnasunt:
460 1444 567 1507 necesse
588 1446 625 1505 est
647 1450 720 1522 paria
740 1446 793 1508 else
815 1460 936 1522 peccata.

70 1523 159 1598 Quasi
179 1523 247 1582 verb
268 1536 316 1583 aut
334 1522 527 1593 concedatur,
553 1526 583 1581 in
604 1524 732 1582 omnibus
752 1523 835 1583 stultis
855 1522 936 1600 aequb

69 1616 171 1674 magna
185 1599 238 1659 elle
252 1602 317 1659 vitia
338 1642 348 1671 ,
367 1602 396 1659 &
418 1600 516 1659 eadem
537 1600 722 1659 imbecillitate
741 1602 770 1659 &
784 1601 937 1659 inconstan-

69 1673 109 1735 ria
124 1674 152 1730 78
161 1676 196 1736 L.
210 1676 355 1738 Tubulum
369 1673 464 1748 fuille,
482 1673 537 1754 qui
549 1676 644 1749 illurn,
663 1677 739 1753 cujus
762 1677 784 1735 is
803 1676 940 1735 condem-

889 1769 939 1812 na·

100 1947 140 1996 76.
158 1944 206 1988 Hoc
217 1942 359 1997 noooidoe,
381 1943 440 2002 cujus
453 1943 536 2004 generis
551 1946 622 2001 ωσι]
653 1940 765 1989 Particula
780 1957 821 1987 noo
840 1936 904 1987 abest
922 1936 937 1987 ἆ

69 2002 244 2066 manuscripto,
260 2020 304 2052 nec
317 2005 369 2054 iane
379 2002 494 2051 lentenria
504 2006 606 2065 requirit.
639 2005 710 2062 visto.

101 2080 141 2122 77.
158 2071 221 2127 Cujus
233 2071 315 2128 generis
330 2084 379 2113 onus
395 2072 460 2113 novis
474 2070 558 2125 naban]
587 2066 726 2115 Lestionem
742 2063 803 2111 hanc
818 2076 936 2125 receptam

65 2126 160 2190 probo:
177 2128 270 2177 tametfi
287 2133 406 2191 cnjmooios
425 2128 508 2177 babeat
525 2144 583 2177 unus
598 2128 658 2178 liber
675 2128 788 2177 manuIcr.
815 2129 937 2182 enimi-uino

68 2202 169 2247 aurem,
190 2190 214 2239 id
230 2191 282 2247 est,
303 2193 467 2253 cuiuscumque
483 2225 491 2248 ‚
515 2190 530 2239 *a
546 2192 610 2239 reiro
625 2194 730 2255 quisquis.
746 2188 795 2237 usus
806 2187 839 2235 eil
850 2186 936 2235 eodem

67 2252 123 2301 casu
134 2255 271 2310 Lucretius,
287 2267 312 2303 ut
328 2254 361 2303 est
376 2254 401 2301 in
411 2254 495 2302 nollris
509 2251 658 2302 editionibus.
690 2253 738 2301 hoc
753 2264 831 2298 aurern
848 2250 935 2307 verba,

67 2316 112 2361 hoo
126 2333 166 2362 non
181 2319 273 2374 vr'dcre„
289 2315 307 2365 li
328 2316 417 2365 mendo
431 2330 528 2372 carent,
544 2314 575 2363 fic
591 2314 641 2364 sunt
657 2316 795 2379 explicanda
807 2316 831 2361 bt
847 2314 937 2361 intelli-

68 2376 155 2441 genda.
189 2380 258 2428 Estne
275 2379 478 2435 bocierendunr‚
508 2380 570 2434 vel,
601 2393 632 2425 an
653 2376 749 2426 nonest
765 2378 893 2438 noetrnpe
909 2377 935 2425 δι

67 2438 223 2504 pudendum,
245 2441 293 2489 hoc
309 2456 359 2489 non
375 2442 472 2497 videre,
490 2441 520 2488 ad
535 2440 695 2503 gubernatoris
712 2453 785 2488 artem
803 2438 861 2486 nibil
883 2452 936 2501 per-

69 2503 160 2560 tinere,
177 2506 240 2564 cujus
251 2505 341 2566 generis
356 2519 416 2552 onus
427 2504 492 2552 navis
503 2504 591 2555 vehat?
616 2502 647 2551 fic
663 2502 713 2552 fere
728 2504 846 2551 Lucretius
856 2501 936 2562 loqui-

67 2577 107 2612 tut
121 2563 163 2614 lib.
176 2580 208 2615 ιι.
231 2567 326 2629 princip.
352 2575 425 2615 Nonne
438 2570 531 2622 videre,
547 2568 588 2614 Nil
598 2568 660 2613 aliud
670 2568 713 2625 filu*
726 2581 825 2614 naturam
841 2567 936 2620 latrare,

67 2627 129 2685 nist,
153 2641 178 2673 ut
187 2627 234 2673 crim
252 2636 335 2690 Corpore
343 2631 451 2691 ,iejuniius
471 2630 531 2676 dolor
546 2629 615 2688 oifit,
641 2644 708 2675 mento
718 2629 810 2687 fruatur
824 2628 936 2685 Jtarundo,

66 2687 122 2736 curci
138 2689 220 2748 simoni
234 2700 353 2754 oratuque?
380 2691 489 2741 Omnino
505 2705 585 2739 tamen
605 2692 689 2739 malim
708 2692 777 2755 legi,
808 2698 872 2736 Nemo
895 2706 936 2734 ooo

65 2753 130 2799 vider
139 2758 198 2813 cujus
205 2758 293 2814 generis,
300 2757 343 2805 &n
358 2760 467 2816 pertinere.
484 2754 584 2810 vel‚1lic
594 2770 651 2798 nemo
661 2770 700 2799 non
709 2757 848 2807 vidot‚cu,³us
853 2756 935 2813 generis

66 2830 121 2863 onus
141 2834 162 2863 n.
190 2818 297 2862 venator
316 2819 461 2879 gubernatoris
481 2829 548 2863 ortem
568 2817 624 2861 nibil
640 2820 749 2878 pertinere.
765 2815 901 2862 Lunrbhtus.

102 2886 139 2933 78.
158 2883 184 2927 L.
198 2880 324 2935 Tubulum]
339 2884 397 2929 Non
408 2878 437 2927 etl
451 2881 559 2944 ignotum
571 2875 708 2941 postcrIores
724 2880 749 2926 in
764 2878 844 2925 nrulris
857 2879 935 2927 nonii·

69 2938 139 2988 nibus
153 2938 280 3003 duplicnss'e
291 2942 463 2990 consonantes:
480 2955 505 2989 ur
523 2943 625 2995 caroius,
639 2943 751 2986 catullus.-
767 2942 875 2994 Tubulus,
890 2946 936 2987 Tu-

68 3004 159 3050 bullus.-
177 3008 271 3060 cicino,
286 3007 377 3051 cicinno
392 3004 465 3053 fieret.
511 3004 590 3052 Sed&
602 3004 702 3049 mutatio
717 3022 734 3049 v
754 3002 779 3050 In
794 3006 804 3049 i
819 3015 894 3059 nota,
909 3018 935 3054 ut

69 3076 178 3125 optumus,
195 3078 359 3114 ooonumcnrum.
393 3068 466 3121 Huius
477 3066 547 3136 igitur
555 3063 642 3113 Tubuli
655 3067 678 3111 ἃ
691 3064 755 3129 supra
764 3063 825 3126 ΙῙίὴῐο
837 3080 867 3113 11.
884 3082 936 3116 me-

70 3128 140 3176 minit
160 3131 264 3185 Cicero,
281 3126 319 3177 scd
335 3128 366 3177 ibi
377 3132 474 3176 Tibullus
484 3127 605 3177 icribitur:
629 3134 672 3173 ,Αη
688 3142 712 3173 tu
725 3145 758 3175 mo
772 3131 796 3174 de
812 3133 837 3176 L.
850 3132 935 3177 Tibullo

67 3200 132 3252 puros
146 3193 227 3249 dicere,
243 3194 283 3255 qui
293 3208 340 3238 cum
351 3195 431 3237 Protor
445 3192 575 3254 questionem
591 3194 645 3237 inter
651 3190 739 3247 ficarios
751 3193 886 3251 exercuiffit,
901 3196 934 3240 ita

70 3250 140 3311 operto*
157 3258 214 3316 sopit
226 3260 324 3317 pecunias
344 3256 368 3301 oi
388 3270 434 3299 eam
449 3271 492 3300 rem
503 3255 664 3313 judicandam,
689 3266 714 3300 ot
727 3271 780 3301 anno
792 3259 889 3316 proximo
907 3260 933 3306 Ρ.

71 3314 168 3359 Scouolo
183 3319 231 3366 trib.
244 3319 275 3379 pl.
286 3317 355 3377 ferror
366 3318 395 3363 ad
407 3320 525 3380 populum,
547 3317 649 3361 vellentne
664 3316 690 3362 de
702 3332 726 3363 ca
741 3335 763 3364 ro
779 3320 865 3380 quari:
891 3334 933 3377 qao

67 3376 177 3439 plebiscito
194 3380 274 3425 decrero
293 3381 309 3427 ὰ
329 3382 410 3428 Senatu
425 3380 453 3441 est
466 3380 545 3439 consuli
559 3378 643 3442 questro
656 3384 689 3426 so.
706 3382 816 3444 Scipioni:
829 3380 934 3442 proseilus

68 3442 93 3496 io
111 3441 203 3490 exilium
218 3444 317 3495 Tibullus
326 3444 417 3505 statim,
431 3462 467 3493 nec
479 3442 597 3506 respondere
612 3443 688 3499 ausus,
703 3458 749 3494 em
762 3446 817 3493 anim
833 3457 865 3492 us
876 3453 937 3505 opir-

479 3510 547 3556 Xxx
562 3521 618 3558 xxx
632 3521 675 3563 κς
907 3517 939 3553 to.
