2318 3914
235 101 427 172 Lrutttt
468 84 782 190 Qonrtrrts'·
843 90 1006 195 '2335'

72 208 149 302 illam
162 216 293 277 omnium
308 235 402 278 rerum
417 220 618 296 comprobans,
637 223 675 282 illi
690 222 765 282 alteri
786 221 947 289 sententiae.

70 290 141 350 ttrhrl
162 289 239 360 effe.
259 296 337 373 quod
358 297 461 373 percipi
482 297 562 372 poffit
578 341 586 365 ‚
605 301 787 365 vehementer
810 294 948 356 assentior.

72 365 193 437 Habeo,
212 371 345 448 inquam,
365 373 528 436 sententiam
545 386 639 444 tuam,
660 373 946 434 neceamadmodum

72 442 208 518 aspernor.
226 447 280 506 Sed
295 450 343 507 ribi
358 449 425 524 quid
439 450 552 510 tandem
568 449 946 519 videtur,Hortenli?Tum

70 518 116 578 ille
134 522 225 621 ridens
245 566 254 595 ‚
274 524 482 586 xTollendum.
523 526 627 585 Teneo
643 540 672 585 te
688 568 697 596 ‚
716 528 839 604 inquam.
876 543 942 660 nia&
953 520 1096 639 {gm-

67 683 113 781 dm
123 671 184 730 hoc,
200 692 237 722 nec
246 675 344 739 semper.
360 676 392 726 est
405 676 555 742 impressum,
569 674 770 734 armentariae
781 677 864 733 litura,
874 677 943 726 valde

78 737 153 808 evitet
163 738 295 786 immutaris
305 738 391 795 literis,
407 755 492 790 utnon
505 748 585 806 putem
597 742 668 798 sore,
684 745 725 802 qui
736 738 833 803 quidem
845 741 943 789 Cicero·

69 811 108 844 urs
125 799 205 848 credar
222 799 313 857 verbis,
334 804 375 867 qui
389 803 434 852 hic
449 802 560 869 scripturi
573 807 665 869 plenius
676 818 715 853 aut
727 804 801 853 verius
814 800 945 868 quicquam'

69 858 195 912 desideret.
228 867 336 913 P.Faler.

104 939 142 976 92.
161 926 238 986 Poffitr
252 939 291 989 per
300 927 384 990 inopis
394 929 457 974 illam
463 929 520 987 irc]
534 930 656 979 Turnebus
669 928 709 978 lib.
718 943 770 979 avr.
783 925 878 977 Advers.
890 941 941 989 cap.

70 993 111 1059 ιι.
129 990 254 1037 emendat:
267 987 340 1051 pofflt:
355 1007 391 1036 nec
401 991 484 1054 ἰποχιὶν
496 996 559 1038 illam
566 994 611 1044 &a
620 998 643 1042 Ρ.
652 994 786 1041 Manutius:
796 991 942 1053 poffirrquare

70 1053 165 1119 ιζνοχῆι.
175 1049 289 1161 ίξιιῐιὶιὶιι.
303 1051 376 1115 peffit:
392 1055 478 1116 ἱποχιὶι
490 1058 617 1102 eremitam
630 1057 675 1108 de.
692 1055 745 1104 mss.
753 1053 824 1103 nostri
832 1053 891 1102 nihil
901 1065 943 1101 va·

70 1122 142 1162 nant.
197 1126 262 1165 mter.
491 1154 494 1158 ,

104 1189 142 1227 93.
159 1180 200 1223 Per
211 1179 296 1240 ἱποχὴι
307 1179 372 1226 ittam
381 1181 477 1226 omnium
486 1197 556 1229 rerum
567 1182 718 1245 comprobarem]
732 1184 810 1229 Locus
821 1181 846 1228 in
857 1178 943 1242 vulga·

70 1235 102 1306 ¹tis
113 1236 180 1287 steils
191 1250 286 1288 notatus
295 1242 381 1304 corrigi
393 1242 482 1304 potest,
498 1241 516 1290 st
527 1259 571 1307 pro
585 1257 640 1308 per,
654 1246 745 1306 legatur
751 1245 854 1306 seraper,
870 1256 895 1290 ut
910 1238 944 1288 est

69 1312 96 1345 tn
111 1299 174 1350 libro
189 1300 355 1367 manuscripto.
371 1305 446 1362 vrfin.
479 1310 573 1370 Epor-hen
590 1310 647 1354 enim
662 1309 725 1354 illam
742 1310 799 1364 dac]
830 1307 866 1354 Sic
881 1318 944 1353 nunc

67 1358 188 1412 edendum
209 1368 294 1415 curari.
328 1381 385 1415 narn
399 1368 482 1425 olim,
509 1369 634 1418 verbomm
654 1369 763 1418 ordinem
783 1365 942 1432 perturbatum
1039 1424 1042 1430 Ι

67 1421 116 1477 esse
126 1440 224 1489 putans,
238 1441 371 1477 mutatam:
389 1445 470 1488 nune,
484 1431 571 1481 eodem
581 1431 665 1482 ordine
680 1433 790 1488 serrato,
805 1429 942 1495 pauciffima

68 1501 146 1538 anuto.
180 1492 204 1539 δι
216 1490 321 1554 primum
331 1491 400 1542 deleo
407 1505 463 1554 per,
480 1497 545 1559 quod
556 1498 627 1545 inane
638 1495 671 1544 est
682 1498 707 1544 δι
719 1507 801 1543 natum
813 1509 844 1543 ex
856 1491 943 1546 verbo,

68 1551 136 1611 quod
147 1556 263 1602 antecedit
275 1588 282 1610 ,
295 1560 353 1618 perci
366 1561 383 1606 i.
415 1555 501 1607 deiude
518 1558 613 1608 restituo
625 1559 781 1621 particulam,
797 1563 854 1604 enim
867 1590 874 1613 ,
890 1569 942 1617 quae

69 1612 157 1662 omissa
166 1613 253 1689 fuiratq
263 1569 412 1681 imprudente
422 1619 518 1668 librario
530 1655 537 1678 ,
555 1633 650 1686 propter
659 1619 838 1669 similitudinem
850 1616 943 1681 syllaba

69 1676 191 1739 postrema
202 1693 284 1737 vocis,
306 1685 408 1743 eprehen.
423 1684 510 1732 Latine
526 1681 622 1747 scripta.
655 1683 733 1740 infra,
748 1685 862 1730 tollendam
876 1694 944 1744 repo·

68 1753 119 1795 no,
135 1754 177 1804 pro
187 1744 313 1791 tollendum.
330 1747 452 1793 Manutius
462 1760 491 1793 err
503 1759 540 1808 per
550 1745 607 1795 facit
619 1763 697 1810 quare,
709 1747 773 1809 quod
786 1744 943 1794 nondamnor

68 1799 110 1850 sed
119 1800 164 1860 fic,
180 1817 205 1852 ut
218 1804 280 1862 diri,
293 1807 342 1870 legi
354 1807 428 1856 malo.
462 1811 588 1858 Lambinus.

28 1875 33 1887 “
100 1881 138 1926 94.
156 1870 198 1914 Sed
210 1871 251 1915 ribi
261 1871 315 1930 quid
325 1872 411 1917 eandem
422 1872 524 1927 videtur,
544 1872 656 1929 Hortenfi?
674 1875 729 1919 Tum
743 1871 781 1916 ille
796 1871 885 1925 ridens,
901 1871 947 1915 tol·

67 1927 163 1979 lendum.
181 1935 244 1976 Teneo
256 1945 289 1986 re,
306 1935 416 1996 inquam]
436 1936 591 1997 Depravarius
603 1933 635 1982 est
646 1933 693 1981 lroc
705 1933 856 1989 meoiudicio
868 1930 943 1993 quim

67 1989 198 2041 doslislimi
209 1993 318 2042 homines
331 1995 480 2054 existimant,
496 1997 537 2061 qui
548 1997 596 2060 legi
609 1997 693 2044 volunt
707 2028 715 2049 ‚
731 1996 859 2050 rollendrm,
875 2007 900 2042 ut
912 1994 942 2041 ad

66 2052 156 2115 'tropa
170 2054 278 2106 referant.
300 2068 325 2104 at
343 2058 427 2120 ’.πχὴν
443 2073 486 2108 nec
501 2058 636 2108 carneades
651 2055 770 2112 tollebar;
794 2069 887 2105 tantum
903 2057 945 2103 da-

66 2113 109 2164 bat
121 2118 251 2181 aliquando
262 2118 284 2167 sa
302 2119 390 2169 ientem
402 2117 589 2186 affentiri,quod
600 2122 668 2169 illum
682 2122 767 2168 Cicero
779 2120 855 2182 magis
865 2117 946 2181 dispu-

66 2133 325 2243 raffequtmsennde‚
341 2197 367 2233 ut
384 2183 480 2241 vidisti,
495 2186 635 2241 existiman
659 2186 683 2232 dt
701 2183 830 2231 Carneadis
843 2180 943 2238 duston,
987 2206 990 2210 Α
1023 2189 1028 2205 “

38 2249 43 2257 ’
66 2244 152 2292 nostor
162 2244 229 2300 lanius
240 2245 388 2304 Academia,
405 2246 533 2305 Arcefilas,
549 2247 661 2297 siciliam
672 2245 837 2303 constituerat,
853 2257 879 2293 ut
891 2246 944 2292 Plu·

66 2308 162 2356 carcirus
173 2305 266 2366 scribat,
284 2309 380 2360 neillos
394 2311 504 2374 quidem,
536 2326 610 2376 quarn
625 2309 703 2359 multa
713 2322 796 2358 contra
806 2306 945 2372 scripserint,

66 2371 154 2432 'serpit
170 2386 266 2420 morere
285 2371 402 2436 potuisse:
420 2374 508 2423 nedum
525 2373 660 2424 carneades
676 2374 785 2422 moverit.
819 2376 875 2421 llac
891 2368 943 2419 sunt

64 2432 130 2484 illius
143 2435 213 2482 verba
223 2436 249 2483 in
261 2436 392 2485 Colorem:
407 2440 451 2487 Tris
467 2440 493 2487 ai
510 2437 558 2496 περὶ
570 2437 660 2487 πάντων
673 2437 758 2498 'carpit
775 2436 812 2484 ἰδ’
831 2437 850 2482 e'r
865 2433 945 2482 ararat*

42 2524 46 2532 ·
66 2500 327 2561 praemonuerimus,
343 2498 382 2548 uui
398 2500 566 2554 relucer'rrtr‘rtr
581 2501 612 2551 irc
622 2502 686 2559 *esee
702 2496 891 2563 auppgrr'upaara
905 2494 946 2546 καὶ

66 2560 136 2618 aspre
152 2562 262 2613 luriunt.
287 2566 371 2624 ltaque
381 2576 408 2610 ea
419 2561 555 2611 Academia
566 2564 660 2628 propria
670 2558 785 2612 sententia
796 2560 838 2610 bie
851 2557 945 2613 dicitur,

66 2619 274 2686 defesdturquet
285 2625 403 2673 Cicerone
413 2627 438 2674 δι
449 2624 635 2675 constantiilirne
646 2626 672 2674 δι
684 2621 860 2691 amuratilsrmi.
878 2625 943 2669 cnm

64 2686 89 2735 is
102 2686 174 2748 igitur
188 2691 254 2735 Temo
266 2701 285 2734 te
301 2687 357 2736 dicit
368 2690 395 2741 da·
406 2687 447 2747 ista
457 2690 486 2748 est
498 2690 624 2737 Academia
636 2691 724 2751 propria
730 2689 849 2746 sententia,
865 2683 945 2732 osten·

66 2748 103 2798 dit
116 2748 315 2807 sessonensium,
331 2751 373 2824 qui
382 2752 452 2800 initio
470 2750 510 2801 dis
521 2752 634 2802 orationis
651 2748 727 2800 suerat
743 2750 845 2812 partium
856 2748 944 2795 Antio·

66 2813 123 2868 elii,
138 2812 167 2860 ad
177 2811 239 2862 hanc
250 2815 390 2864 sententiam
404 2814 496 2864 tradua’
517 2831 537 2866 e.
570 2821 654 2878 ltaque
665 2811 790 2874 respondet
808 2811 851 2859 ille
864 2808 945 2857 ridens

65 2877 198 2932 tollendum,
215 2877 357 2940 urffaffenfum
368 2875 475 2927 videatur
490 2879 529 2927 hic
545 2879 648 2926 omnino
658 2873 753 2929 deese,
775 2872 799 2922 id
814 2871 847 2921 est
861 2885 946 2920 contra

65 2937 142 3002 quam
153 2937 185 2987 stc
201 2953 282 3002 aperte
298 2938 375 2988 secum
392 2943 522 3004 pugnantia
538 2939 674 2990 defendere.
707 2935 773 2999 quod
791 2933 809 2983 fi
827 2936 944 2982 tollendam

66 3001 146 3064 legere
157 3001 269 3051 malimus
285 3001 321 3062 (in
336 3017 386 3064 quo
401 3003 487 3052 librarii
497 3004 568 3054 facile
582 3014 704 3066 peccatum
720 2998 767 3055 srt,
783 2999 839 3062 quia
849 2998 916 3046 litera
922 3012 944 3068 'u

65 3064 158 3116 inversa
169 3063 201 3113 cll
213 3065 237 3112 in
248 3082 275 3121 a,
290 3076 315 3112 ut
327 3064 461 3113 describitur
477 3065 492 3112 s
507 3069 655 3115 Terentiano
666 3064 744 3111 littera
754 3060 862 3111 Lambda
874 3060 942 3109 fimi·

66 3127 110 3238 lia}
125 3141 189 3176 certe
199 3130 296 3190 negatio
307 3126 346 3176 hic
373 3123 506 3176 retermiffa
516 3128 564 3186 fit,
580 3139 607 3177 ut
622 3129 647 3176 in
664 3122 747 3175 multis
762 3126 814 3175 aliis
824 3125 884 3175 locis
900 3121 943 3176 cll,

68 3205 99 3238 ve
119 3188 267 3254 pratenniffa
280 3143 383 3247 remed,
398 3191 437 3239 rel
450 3189 560 3246 adiesta.
582 3188 665 3247 sicsic,
680 3207 720 3238 non
731 3191 861 3246 tollendam,
877 3187 944 3236 vide·

67 3253 125 3302 licet
136 3254 234 3318 irrepit,
251 3254 336 3317 dequrt
348 3255 427 3303 omnis
438 3252 488 3302 hac
502 3252 629 3319 disputatio
644 3251 685 3303 etl.
719 3257 772 3301 Hoc
787 3250 815 3300 fit
832 3251 870 3301 rel
886 3249 945 3300 saci·

69 3315 117 3364 lius
127 3316 187 3365 nihil
198 3316 290 3370 mutati
300 3316 434 3374 sententis,
451 3331 502 3380 quae
514 3316 628 3368 sententia
640 3330 701 3366 certe
718 3318 752 3363 ira
767 3329 821 3363 vera
836 3326 947 3375 certaque

68 3378 116 3433 cst,
132 3391 183 3427 utut
194 3381 220 3430 in
228 3380 303 3432 rerba
313 3394 435 3446 peccatum
445 3379 490 3439 fit,
505 3395 530 3432 ut
540 3382 601 3431 nihil
612 3379 652 3430 lric
662 3381 764 3445 apertius
775 3375 820 3429 ell'e
831 3378 945 3428 rideatur.

70 3448 99 3493 r.
113 3443 189 3494 ruer.

455 3599 458 3605 Ι
490 3506 673 3568 Klllldtlta
843 3504 950 3554 ¹41⁴»-
992 3556 995 3561 .
