2318 3914
226 146 420 210 Lruurt
464 143 774 225 Quantus.
861 143 946 226 2785

103 258 182 317 XIX.
202 261 331 335 Quin,
350 254 430 334 qubd
444 256 530 316 iidem
544 258 716 333 Peripatetici
726 258 983 335 perturbationes43

63 335 143 405 illas,
162 352 229 411 quas
242 352 294 395 nos
307 334 489 409 exstirpandas
502 345 630 410 putamus
644 376 653 403 ,
678 352 737 392 non
751 334 840 394 modb
859 348 938 393 natu·

64 413 134 471 rales
155 408 208 470 elle
229 412 350 481 dicunt,
384 410 535 469 sedetiam
556 410 658 470 utiliter
681 410 697 468 i
719 423 814 469 natura
835 410 938 469 datas?

85 505 185 546 uorum
200 487 239 546 est
252 490 312 547 talis
327 488 427 547 oratio.
463 486 589 546 Primum
608 486 702 546 multis
722 488 812 545 verbis
831 487 939 545 iracun-

61 506 138 624 gram
151 565 278 624 laudant:
299 576 394 623 cotem
410 564 576 624 fortitudinis
591 562 645 623 elle
658 564 772 633 dicunt,
791 563 937 641 multoque

63 642 95 699 δι
114 643 144 701 in
162 642 271 701 hostem
306 644 358 701 0&
376 643 405 700 in
419 642 579 716 improbum
600 642 691 700 civem
714 641 958 700 vehementiorese
973 636 1062 717 &im-n

61 718 197 777 iratorum
210 720 330 794 impetus
344 716 414 777 elle:
433 718 509 777 leves
522 718 631 777 sautem
648 718 810 777 ratiunculas
824 733 934 786 corum,
944 699 1069 815 ξομ·

62 794 112 871 qui
126 796 164 853 ita
182 797 336 883 cogitarent
342 816 352 862 ;
372 795 502 870 proelium
516 794 623 854 redium
639 795 676 852 est
692 795 749 852 hoc
765 793 846 853 fieri:
867 811 936 853 con·
945 776 1069 879 Mesenae

61 870 142 930 venit
162 871 294 930 dimicare
315 890 366 947 pro
386 871 513 947 legibus,
533 889 586 945 pro
603 870 751 942 libertate,
771 888 821 947 pro
842 872 938 946 patria.

61 948 128 1006 haec
142 947 245 1006 nullam
265 949 367 1007 habent
386 949 470 1019 vim,
497 948 546 1007 nifi
567 946 606 1007 iri
626 948 773 1006 excanduit
793 946 938 1007 fortitudo.

62 1040 118 1082 nec
132 1021 200 1082 verb
215 1024 250 1084 de
263 1024 435 1084 bellatoribus
448 1022 535 1083 solitm
552 1025 695 1101 disputant.
731 1023 848 1101 imperia
863 1024 940 1083 seve·

62 1100 137 1158 riora
158 1100 231 1160 nulla
245 1099 299 1161 elie
320 1113 419 1178 putant
432 1101 489 1160 fine
508 1104 599 1179 aliqua
611 1100 758 1161 acerbitate
771 1101 937 1160 iracundiaer

62 1186 205 1236 oratorem
220 1178 341 1255 denique
356 1196 416 1238 non
430 1178 520 1237 modb
543 1178 716 1237 accusantem
735 1221 744 1248 ,
762 1177 808 1236 sed
828 1196 864 1236 ne
886 1178 934 1237 de-

63 1251 228 1312 fendentcm
243 1255 358 1330 quidem
373 1254 490 1330 probant
503 1254 689 1313 fineuaculeis
703 1254 861 1313 iracundiae.
869 1270 962 1330 quaer
976 1254 1075 1305 rimulis

62 1329 148 1387 etiam
163 1329 183 1387 fi
197 1348 256 1388 non
268 1330 352 1401 adsit,
371 1342 466 1389 tamen
486 1332 574 1390 verbis
599 1343 683 1407 atque
711 1344 792 1391 motu
807 1322 1015 1389 stipular-MSS·
1106 1404 1109 1409 Ι

63 1405 131 1464 dam
153 1405 343 1476 arbitrantur,
370 1418 401 1465 ut
421 1406 551 1466 auditoris
571 1409 639 1465 iram
669 1410 784 1466 oratoris
807 1407 937 1467 incendat

64 1481 150 1541 attio.
188 1484 278 1541 virum
293 1483 414 1571 denique
435 1482 522 1543 uideri
542 1495 662 1559 negant,
680 1485 728 1561 qui
741 1483 815 1543 irasci
828 1484 938 1542 nesciat.
1016 1545 1022 1559 ,
1067 1544 1073 1558 ,

66 1572 204 1634 eamque,
224 1576 307 1635 quam
323 1560 464 1619 lenitatem
479 1578 531 1619 nos
545 1560 684 1632 dicimus,
711 1561 811 1620 vitioso
835 1559 934 1618 hlenti·
944 1542 1089 1623 ¹¹.¹‘¹¹¹.‘.¹¹‘¹¹‘

64 1633 169 1694 tudinis
181 1637 298 1695 nomine
311 1636 456 1714 appellant.
732 1646 735 1651 “
945 1612 1042 1723 ζιζὶξῖω

105 1710 169 1770 Nec
184 1711 253 1770 verb
266 1712 354 1770 solium
367 1714 440 1771 hanc
459 1714 600 1774 libidinem
623 1714 735 1773 laudant
754 1714 840 1790 (⁶²est
861 1712 936 1776 enim

18 1792 24 1801 “
64 1789 121 1856 ira,
141 1799 172 1846 ut
187 1787 276 1847 modi)
291 1788 421 1858 definivi,
441 1791 588 1849 ulciscendi
600 1789 751 1862 libidoised
766 1789 855 1865 ipsum
868 1792 935 1853 illud
987 1806 992 1815 “

43 1879 48 1886 ·
64 1881 152 1940 genus
167 1864 212 1921 vel
224 1862 340 1922 libidinis
356 1906 365 1934 ,
385 1865 430 1922 vel
452 1866 603 1943 cupiditatis
624 1867 660 1925 ad
680 1865 816 1923 summam
838 1870 939 1928 utilita-

63 1952 125 2000 tem
140 1936 193 1998 effe
207 1939 303 1999 dicunt
317 1939 333 1998 d
347 1951 443 2000 natura
458 1943 569 2002 datum:
590 1943 657 2002 nihil
670 1943 745 2000 enim
752 1961 936 2077 quemquam,

63 2016 116 2077 nist
130 2016 207 2094 quod
220 2015 320 2086 libeat,
338 2017 468 2092 praeclard
481 2020 571 2077 facere
587 2014 672 2095 polle.
710 2036 749 2077 no
780 2037 797 2076 u
815 2021 937 2079 ambula-
958 2032 960 2036 '

64 2093 112 2153 bat
125 2095 155 2152 in
168 2092 278 2168 publico
292 2092 512 2164 Themistocles,
531 2094 609 2171 qubd
622 2095 752 2153 somnum
767 2113 863 2171 capere
877 2114 936 2156 non

19 2176 22 2181 '
65 2166 177 2247 pollets
190 2169 430 2247 quaerentibusque
444 2170 641 2247 respondebat,
660 2171 791 2230 Miltiadis
811 2169 952 2248 itropaeisi
967 2173 1065 2247 argitis

10 2286 15 2293 -
65 2246 92 2305 se
107 2246 124 2305 ὲ
137 2247 238 2306 somno
252 2245 378 2305 suscitari,
415 2249 460 2307 cui
473 2267 532 2307 non
546 2248 605 2308 sunt
624 2248 725 2313 auditae
739 2234 1086 2309 Demosthentslhm‘l·

66 2321 188 2399 vigiliae?
208 2322 257 2399 qui
274 2320 368 2382 dolere
381 2324 408 2382 se
418 2326 551 2400 ltajebat,
572 2323 593 2381 fi
612 2325 724 2400 quando
739 2323 872 2401 opificum
886 2344 935 2385 an·
980 2324 1004 2370 ¹³·
1020 2322 1046 2368 Β·

65 2399 198 2487 ιειιιειιιῖι
218 2399 306 2488 vidus
334 2399 400 2462 effet
426 2401 563 2461 industrii.
603 2400 783 2477 philosophiae
815 2401 880 2461 deni
900 2380 1076 2497 uequnquat

65 2477 145 2552 ipfius
159 2494 293 2554 prmcrpes
308 2496 462 2555 numquam
476 2481 505 2538 in
518 2479 568 2538 suis
582 2477 672 2537 studiis
681 2488 772 2537 tantos
784 2495 883 2556 progre
905 2498 936 2541 us
944 2483 1011 2560 sensi.

881 2556 938 2617 stne

39 2743 42 2749 ·
66 2730 127 2780 nulli
142 2730 312 2788 libribabent,
327 2735 351 2781 a'n
366 2734 479 2796 prodivi,
494 2732 616 2783 mendold.
631 2734 730 2784 aaran.
763 2736 834 2782 Sane!
842 2736 937 2797 praeliare

61 2794 186 2866 'labentum
196 2795 344 2866 ¹coniecerat
354 2796 401 2845 boc
410 2797 471 2846 olim
478 2802 501 2847 Ρ.
509 2797 650 2854 Lambinus,
664 2798 746 2905 eriqu
757 2811 787 2845 ue
796 2798 821 2845 in
832 2799 890 2847 Pell.
901 2814 936 2862 pr.

65 2867 143 2921 quint.
160 2856 244 2917 reliqui
260 2872 314 2907 cum
333 2861 408 2907 varic.
425 2863 451 2909 bc
467 2860 522 2910 Fab.
539 2861 605 2921 semel
617 2862 713 2923 proclivi
719 2866 722 2879 ·
748 2863 779 2908 il.
795 2860 888 2924 uulgb,
910 2866 935 2907 in

62 2923 166 2983 proclive,
184 2918 302 2969 Gebhard.
329 2926 365 2970 Ex
375 2922 411 2970 his
421 2922 479 2986 quid
491 2924 566 2973 verius
576 2922 604 2973 lit
625 2921 694 2970 docet
703 2921 751 2987 ipse
760 2922 852 2970 Tullius
863 2922 903 2973 lib.
912 2938 934 2974 v.

64 2984 94 3032 de
106 2981 180 3031 Finib.
193 2989 230 3030 ιι.
256 2986 432 3033 Processimus
449 2990 535 3052 orario,
560 3000 586 3034 ιιι
607 2986 702 3034 testatur
720 2990 834 3034 Gmrerus
848 2984 895 3035 effe
910 2988 937 3035 ιιι

67 3044 179 3095 omnibus
192 3045 247 3093 eall.
264 3049 361 3097 Gronov.

97 3117 135 3157 62.
150 3107 189 3167 Est
199 3112 257 3154 enim
267 3112 303 3156 ira
315 3134 347 3145 ·-
362 3111 476 3170 ulciscendi
490 3111 577 3169 libide]
605 3115 675 3159 llunc
691 3110 771 3160 locum
788 3109 878 3176 respicit
891 3114 937 3161 La·

67 3169 168 3219 &antius
179 3170 209 3220 de
219 3175 256 3219 lra
267 3171 313 3221 Dei
326 3186 377 3237 cap.
393 3189 429 3231 17.
446 3173 485 3223 ubi
500 3173 532 3222 lic
548 3175 652 3234 loquitur
668 3176 704 3223 vir
719 3174 936 3237 eloqueurillimust

67 3234 172 3293 Definitio
183 3239 304 3292 Ciceronis,
322 3243 356 3282 ira
367 3236 396 3296 est
410 3240 473 3284 libide
488 3238 619 3297 ulcifimdi,
636 3254 676 3283 non
686 3241 779 3285 multam
794 3238 808 3283 ai
822 3238 939 3300 superiori·

66 3298 104 3344 bru
118 3296 190 3355 disier.
207 3295 294 3361 Lapsus
307 3298 341 3347 eli
351 3300 410 3348 Cbr.
426 3300 560 3355 cellarius,
582 3301 622 3362 qui
639 3298 707 3347 illam
724 3299 890 3349 definitionem
901 3316 937 3350 re·

64 3358 113 3408 fert
123 3356 155 3407 ad
163 3358 257 3419 buiruee
268 3360 322 3410 libri
335 3376 388 3425 cap.
394 3379 417 3418 ρ.
433 3364 459 3411 in
470 3376 520 3426 qun
530 3365 565 3410 ira
578 3377 608 3411 ex
619 3375 701 3411 mente
711 3364 843 3413 Stoicorum
854 3364 938 3413 dieitur

64 3423 134 3495 {ilitio
146 3426 253 3485 puniendi
262 3428 329 3483 ejus,
355 3430 396 3490 qm*
407 3428 513 3475 videatur
528 3424 595 3488 laefiffe
609 3426 703 3487 injurie.
734 3425 816 3479 Sensus
830 3426 940 3493 profesto

63 3482 130 3535 idern
141 3482 189 3543 elis
204 3481 243 3536 sed
253 3486 368 3539 abludunt
380 3489 460 3545 rerba.
491 3490 574 3550 navis.

483 3554 693 3620 eraraaa
846 3556 887 3605 ⁶³·
904 3552 941 3596 22
