2318 3914
175 153 405 219 ,brnen
446 92 754 229 Quantus.
839 160 920 230 2307

45 255 255 336 ,nobismetipsis
276 256 364 317 modo
386 252 714 323 caeruleumuidebntur,
735 255 850 314 ³2mand
872 255 921 315 fla·

55 353 129 394 vum
144 358 152 402 3
172 336 302 412 quodque
316 350 391 393 nunc
409 375 418 402 ‚
439 333 521 407 *quia
535 328 550 386 *a
565 328 620 386 lole
633 330 775 399 collucet,
812 332 939 392 albescita
955 341 1002 405 qul
1014 344 1066 393 MS.

56 410 91 469 &
106 410 209 483 vibrat,
227 410 407 485 dillimileque
423 406 601 482 estproximo
620 405 666 462 bei
685 407 853 466 continenti:
872 423 965 477 utam·
976 408 1040 456 mli·

59 487 145 546 etiam
160 488 179 548 si
195 487 275 564 poffis
296 487 433 546 rationem
455 482 591 548 reddere,
612 498 659 538 cur
680 481 709 540 id
730 483 861 552 eveniat,
880 467 942 543 tab
957 469 1066 522 Μή·

59 561 129 697 ἒηέη
143 582 201 624 non
216 563 297 640 poffis
311 559 341 620 id
354 577 451 619 verum
466 555 519 619 elle
534 600 543 627 ‚
562 557 639 633 quod
660 557 801 617 uidebatur
814 559 899 621 oculis
914 603 924 631 ‚

46 682 49 690 .
82 640 221 699 efcndere.
275 650 280 665 ¹

100 716 187 775 Unde
201 717 356 784 memoria,
377 713 397 773 u
411 713 477 773 nihil
491 707 675 786 percipimus?
696 708 744 783 (fic
758 711 833 769 enim
847 718 986 788 quae·106
1056 756 1060 765 .

57 791 156 865 rebat)
183 792 263 868 qudd
283 789 436 850 meminille
464 788 540 857 visa,
579 785 628 843 nisi
649 787 845 860 comprehensa
865 807 924 851 non
1000 808 1006 817 ·
1028 802 1058 815 “·

48 865 213 945 ¹pollumus.
251 867 348 944 Quid?
366 866 534 941 Polymnus,
561 863 609 938 qui
624 879 738 936 magnus
751 865 927 925 mathemati·
1055 878 1060 889 '

61 960 112 1000 cuc
126 941 207 1013 fuine,
217 945 329 1013 dicitur,
347 945 369 1002 is
401 941 559 1017 osteaquam
574 940 694 1012 Epicuro
703 935 861 1011 assentiens,
881 955 926 1002 to-
988 1011 992 1021 ·
1055 944 1062 955 '

61 1015 122 1077 tam
144 1023 323 1094 geometriam
345 1038 361 1077 e
383 1038 398 1077 e
420 1019 510 1077 fallam
533 1015 663 1083 credidit,
682 1033 750 1075 num
764 1016 808 1075 illa
821 1020 924 1088 etiam,

62 1090 130 1170 qu'ae
144 1097 259 1166 sciebat,
276 1096 373 1157 oblitus
393 1094 457 1153 est?
487 1091 704 1169 Arqui„falsum
724 1092 801 1169 quod
816 1094 875 1164 est,
895 1096 925 1154 id

60 1173 166 1246 percipi
179 1191 237 1232 non
252 1174 355 1248 potest,
374 1184 404 1231 ut
417 1183 430 1213 0
443 1167 640 1243 nobismetipfis
661 1168 758 1242 placet.
797 1169 824 1228 Si
842 1172 945 1246 ignore
959 1168 1040 1220 vobi&
1056 1168 1061 1210 ἵ

61 1250 198 1306 memoria
237 1263 426 1324 perceptarum
473 1245 787 1322 comprehensarumque
831 1265 923 1308 rerum
932 1238 1063 1317 ΨΜ

56 1321 115 1400 estt
137 1326 249 1394 omnia,
268 1343 332 1401 quae
349 1325 464 1400 quisque
487 1323 614 1381 meminit
629 1323 738 1388 „habet
751 1341 783 1380 ea
796 1339 925 1400 compre·
990 1328 993 1333 '
1055 1322 1063 1335 “

60 1399 143 1459 hensa
163 1412 245 1476 atque
273 1414 410 1476 percepta.
447 1399 502 1458 falfi
528 1413 620 1456 autern
644 1399 842 1472 comprehendi
856 1401 924 1461 nihil

60 1475 173 1551 potest:
201 1479 230 1534 ὃ(
260 1479 354 1536 omnia
377 1477 505 1534 meminit
527 1475 633 1549 Scyron
654 1473 765 1548 Epicuri
784 1476 924 1550 dogmata.

60 1562 126 1610 vera
147 1553 228 1628 igitur
247 1553 291 1612 illa
311 1554 371 1611 sunt
391 1568 466 1611 nunc
487 1553 592 1609 omnia.
632 1550 699 1607 Hoc
721 1567 769 1624 per
788 1569 835 1611 me
849 1556 922 1612 licet.

60 1624 107 1685 sed
121 1627 169 1686 ubi
183 1640 228 1686 aut
242 1629 454 1689 concedendum
476 1629 514 1685 ita
534 1624 587 1684 elle
603 1666 612 1693 ,
632 1625 709 1700 quod
723 1627 839 1687 minime
861 1631 923 1688 vis:

61 1713 146 1762 naut
167 1708 330 1764 memoriam
353 1706 421 1763 mihi
441 1705 585 1771 remittas,
605 1714 739 1775 oportet,
759 1706 825 1762 34&
843 1703 953 1764 facile?-
974 1714 1069 1768 xxvll.
1127 1725 1129 1730 ·

60 1775 120 1914 eff?l
136 1779 170 1914 eh
189 1781 309 1852 lotum,
336 1782 420 1840 etiam
440 1777 709 1854 ficomprenensm,
729 1782 926 1858 perceptioque

62 1873 137 1914 nua
172 1869 191 1915 t.

60 1974 63 1979 ·
99 1933 179 2007 Quid
192 1933 240 1993 fiet
253 1931 371 1993 artibus?
390 1932 486 2010 quibus
503 1930 514 1989 ?
533 1933 600 1990 iisne
615 1974 623 2000 ,
638 1949 703 2008 quae
723 1931 788 2006 iplae
805 1934 983 2003 fatenturl07
1051 1965 1066 2009 p

57 2009 220 2084 conjedlurd
233 2010 259 2068 se
285 2011 343 2085 plus
363 2011 403 2068 uti
422 2009 506 2086 quam
520 2007 643 2067 scientia:
664 2025 699 2065 an
711 2009 766 2075 iit,
786 2026 850 2083 quae
863 2025 924 2070 tan-

58 2082 120 2157 tum
135 2085 183 2156 id,
203 2086 280 2165 qudd
302 2086 433 2157 videtur,
452 2084 624 2163 sequuntur,
650 2100 703 2143 nec
723 2085 824 2155 habent
846 2086 924 2147 istam

884 2181 925 2224 ar·

59 2349 104 2399 test
116 2352 225 2402 Marcelli
234 2350 302 2416 ipliue
312 2351 413 2414 vulgatis
423 2350 608 2415 exemplaribus,
623 2350 648 2400 ln
659 2364 718 2400 1111.
726 2349 924 2404 Academicorum
1025 2363 1032 2371 ·

59 2415 216 2478 exemplum,
238 2415 304 2477 quod
317 2415 364 2479 ipse
381 2414 474 2464 adducit
487 2448 495 2471 ,
511 2413 557 2463 elle
572 2413 677 2463 traditur.
710 2417 745 2463 sic
757 2429 814 2478 puto
825 2416 922 2467 defendi

93 2473 127 2525 lle
137 2491 252 2542 receptam
266 2479 291 2526 in
306 2477 406 2526 Lucullo
422 2478 550 2527 letiiouem
565 2479 592 2526 dc
605 2477 766 2527 testimonium
780 2481 857 2528 Nonii
872 2496 924 2530 nou

59 2538 197 2602 „inprobati
232 2543 307 2591 Vr‘fior.

94 2619 132 2657 32.
150 2606 216 2649 Mane
221 2605 329 2662 flavum]
342 2603 377 2652 sic
389 2601 445 2652 lall
454 2616 510 2652 nam
522 2606 543 2652 S.
561 2601 661 2652 Victoris
682 2618 761 2653 eoum.
793 2605 925 2657 Lambinus

58 2665 187 2728 publicavit
197 2683 274 2713 ravum
295 2671 332 2712 uia
342 2667 426 2721 ason,
442 2664 528 2714 omiffo
538 2667 640 2731 quodque.
657 2665 721 2728 quod
733 2667 757 2713 iu
768 2666 821 2716 edd.
833 2669 859 2716 δι
868 2667 924 2721 ωίΓ.

59 2726 153 2776 nostris.
170 2733 259 2794 Quum
270 2683 327 2778 iilud
338 2730 396 2777 eruit
407 2729 420 2777 ὲ
432 2730 533 2785 Nonio,
551 2743 600 2776 non
614 2726 661 2791 ipse
671 2728 771 2791 primus,
787 2727 825 2777 sed
835 2735 924 2778 Came·

59 2790 139 2841 canus.
156 2793 243 2838 Gruter.
260 2797 338 2853 Quum
355 2792 403 2839 lraec
415 2794 447 2840 ira
458 2789 481 2840 se
491 2791 591 2839 habeant
602 2799 617 2846 ,'
631 2793 655 2839 de
668 2804 737 2838 tanto
749 2803 804 2839 ante
814 2803 922 2854 tempore
937 2832 940 2839 .

58 2850 190 2902 innotuerit
203 2887 210 2909 ,
231 2856 286 2916 quid
299 2869 342 2902 oro
354 2867 455 2902 meretur
466 2853 503 2914 Jo.
518 2853 649 2902 lietduinus
662 2853 691 2900 ad
704 2853 770 2901 Plinii
786 2852 870 2901 librum
881 2870 918 2904 xi.

58 2928 158 2978 papan.
176 2918 249 2965 velut
262 2917 307 2978 ipse
318 2915 405 2973 secuit,
427 2916 529 2964 sedione
541 2933 577 2972 55·
600 2929 674 2978 quum
689 2917 763 2963 citato
778 2915 834 2962 loco
845 2917 920 2965 Nonii

59 2991 146 3035 monet
157 2979 182 3026 in
193 2978 308 3027 Tullianis
318 2978 382 3027 libris
393 2993 455 3025 nune
464 2980 552 3036 flavum
563 2993 606 3042 pro
617 2994 696 3024 ravum
706 2976 769 3040 legi?
790 2982 838 3026 Rea
845 2981 922 3027 euim·

59 3053 118 3091 vero
129 3039 202 3105 digna
212 3041 290 3091 studiis
301 3039 418 3088 Parifinis!
433 3044 528 3091 Gronov.

92 3120 130 3158 ῃ.
148 3113 202 3151 Λιιε
211 3108 334 3151 memoriam
344 3106 401 3149 mihi
414 3105 524 3159 remittas,
535 3113 613 3165 oportet
624 3132 632 3154 ,
648 3102 674 3152 d·
681 3100 750 3158 facile
760 3103 798 3160 effe
806 3105 828 3149 ei
836 3105 924 3163 Iocum]
940 3130 942 3134 ·

57 3165 163 3215 Verbum
177 3169 214 3227 effe
230 3183 281 3216 non
296 3164 366 3214 video
380 3165 430 3230 quo
446 3164 540 3228 spectet.
572 3178 622 3226 quo
640 3163 724 3227 sequor
741 3164 850 3214 libentius
861 3168 925 3215 auti·

59 3243 135 3293 quum
145 3229 245 3286 librum,
260 3232 285 3278 in
296 3244 346 3292 quo
356 3229 401 3281 eli,
418 3232 448 3275 Er
453 3227 526 3286 facias
533 3226 573 3287 'affe
583 3229 605 3273 ei
613 3229 690 3276 laum.
705 3224 737 3274 fic
746 3226 786 3276 ub,
795 3243 829 3276 tv.
835 3230 865 3276 de
870 3231 922 3279 Pin.

59 3297 198 3353 Argumentt'
211 3297 292 3340 ratione
308 3293 396 3352 conclufi
412 3305 473 3354 caput
487 3291 525 3352 ff
535 3290 623 3349 faciunt
636 3306 680 3348 ea,
706 3305 750 3354 qu
762 3292 872 3359 perspicua
886 3295 924 3341 diss
939 3339 943 3346 ,

59 3368 122 3405 cunt.
153 3357 177 3402 P.
190 3358 282 3404 Manut.
1011 3362 1013 3369 ’

94 3433 132 3476 34.
149 3421 179 3465 Et
184 3418 253 3476 facile
262 3418 298 3479 effi
308 3422 329 3465 ei
339 3422 427 3480 locum]
442 3425 472 3473 Et
477 3417 550 3484 satias
559 3415 650 3468 ridetur
659 3415 800 3482 legendum:
817 3417 843 3466 δι
852 3415 925 3466 itaest

57 3479 85 3547 ’μι
97 3478 264 3546 manuscripto.
281 3481 357 3550 vrfin,
876 3541 918 3593 W

820 3556 859 3601 ,ὃν
893 3559 900 3591 d
916 3559 929 3592 Ο
