2318 3914
219 103 416 169 Lrnnu
457 100 759 183 Qornrus.
865 101 961 192 2813·

63 210 140 279 tuis,
159 209 291 270 virtutem
306 211 341 271 ad
354 210 435 272 beate
448 209 604 272 vivendum
625 210 653 270 se
672 212 727 288 ipsa
750 208 804 273 esse
826 226 947 274 conten·

60 299 132 346 ram.
166 287 255 362 Quod
268 288 317 348 etsr
331 288 441 349 difficile
457 288 494 346 est
508 288 643 364 probatu,
662 300 773 423 propter
788 302 846 349 tam
871 292 949 352 varia

63 365 95 422 δι
116 374 175 422 tam
196 364 282 424 multa
302 377 443 425 tormenta
464 367 610 425 fortunae:
636 377 690 423 tae
710 376 806 425 tamen
828 365 890 435 est,
914 378 947 427 ut

64 439 264 500 elaborandum
279 441 329 512 sit,
347 460 407 519 quo
421 441 524 501 sacilihs
546 441 686 519 probetur.
723 441 792 502 nihil
813 441 851 500 est
866 443 944 503 enim

66 516 198 576 omniurn
218 558 227 586 ,
249 535 314 594 quae
336 520 367 597 in
389 518 561 594 philosophia
580 517 753 590 tractantur,
773 516 872 594 equod
884 524 964 596 g'm·e
979 532 1030 584 i‘10

67 592 129 652 vilrs
150 593 427 672 magnificentiusque
442 596 556 663 dicatur.
948 586 1004 635 MS·

104 671 181 729 Nam
202 669 268 731 clim
290 689 322 731 ea
343 673 423 732 causa
442 672 581 748 impulerit
595 689 668 742 eos,
688 671 737 749 qui
757 670 841 746 primi
860 670 887 731 se
911 671 971 733 ad2

65 745 249 824 philosophiae
276 747 395 808 studium
419 748 619 818 contulerunt,
639 761 695 819 ut,
716 749 846 806 omnibus
866 749 945 810 rebus

67 822 245 898 posthabitis,
265 837 339 884 totos
354 826 381 883 se
395 827 425 885 in
439 825 568 901 foptimo
590 829 657 885 vitae
679 825 749 884 statu
769 825 965 901 exquirendos
977 838 1076 892 oportu-

68 899 263 961 collocarent:
283 900 412 977 profecto
424 901 472 977 spe
493 900 573 961 beart
594 902 709 962 vivendi
730 913 835 960 tantam
855 902 885 960 in
906 921 943 962 eo
952 905 987 941 ¹²⁰
1001 893 1075 946 ’Μ

69 977 159 1037 studio
186 995 281 1037 curam
304 995 488 1055 ,operamque
507 978 668 1054 posuerunt.
705 978 795 1053 Qudd
816 976 836 1034 sr
857 977 892 1036 ab
913 981 946 1039 iis

68 1053 183 1113 inventa
209 1056 239 1113 ὃ(
259 1056 380 1132 perfetio
400 1056 483 1114 virtus
498 1055 559 1126 est,
579 1057 626 1125 δε,
646 1053 796 1131 fipraesrdii
809 1054 846 1112 ad
865 1054 947 1116 beatd

69 1131 223 1191 vivendum
238 1132 268 1191 in
282 1130 383 1192 virtute
396 1131 456 1192 satis
470 1131 523 1191 est:
544 1132 604 1209 quis
618 1131 672 1200 ess,
692 1131 815 1209 quinon
830 1132 948 1206 praecla·

69 1205 99 1265 rh
114 1209 146 1266 &
158 1207 194 1265 ab
214 1206 264 1268 iliis
283 1209 400 1284 positam
427 1208 459 1268 &
472 1207 488 1267 d
502 1209 581 1268 nobis
593 1208 742 1284 susceptam
756 1224 871 1284 operam
885 1208 948 1284 phi-

70 1282 235 1360 losophandi
247 1285 387 1345 arbitretur
402 1284 415 1343 ?
435 1285 475 1344 sm
489 1298 583 1344 autem
598 1287 683 1344 virtus
696 1283 815 1360 subjeda
829 1285 877 1343 sub
897 1303 947 1343 va-

71 1361 128 1419 rios
161 1362 338 1440 incertosque
358 1361 432 1421 casus
457 1362 561 1420 famula
581 1364 703 1422 fortunae
724 1361 787 1429 est,
813 1379 867 1420 nec
886 1374 948 1421 tan-

70 1447 163 1496 tarum
180 1437 282 1497 virium
296 1439 351 1508 eii,
370 1449 403 1497 ut
416 1437 443 1497 se
457 1438 511 1515 ipsa
533 1451 664 1510 tueatur,
684 1455 808 1508 vereor,
828 1455 865 1496 ne
884 1455 944 1498 non
984 1447 1007 1493 Ρ.
1030 1447 1058 1497 Β.

69 1523 131 1573 tam
146 1514 251 1573 virtutis
264 1513 365 1575 fiducii
377 1512 524 1575 nitendum
539 1517 617 1576 nobis
631 1515 687 1575 ead
709 1514 786 1591 spem
807 1513 887 1574 beate
903 1516 970 1574 iri-tt
984 1504 1013 1584 ¹3³
1023 1508 1054 1556 Μ

72 1589 159 1648 vendi
184 1589 271 1727 Sustri
294 1604 360 1651 vota
382 1592 509 1652 facienda
522 1592 675 1653 videantur.
953 1569 1097 1631 ‘mm

111 1665 185 1742 Equi
206 1684 252 1728 em
265 1667 338 1728 heos
358 1668 457 1739 casus,
492 1669 532 1730 h'n
554 1669 651 1747 quibus
670 1686 718 1727 me
737 1668 849 1727 fortuna
862 1668 972 1742 tache-3

70 1755 183 1801 menter
197 1747 336 1814 exercuit,
356 1763 471 1804 mecum
485 1748 540 1822 ipse
554 1746 744 1814 confidemus,
763 1745 828 1802 huie
841 1744 972 1820 incipioh
986 1756 1055 1791 Μ

70 1819 217 1878 sententiae
232 1820 369 1879 diffidere:
390 1822 529 1881 interdum
543 1822 596 1879 ¹¹&
608 1820 724 1879 humani
737 1821 845 1894 generis
857 1804 998 1880 inibe-fs·
1009 1809 1063 1855 MS·

74 1895 217 1953 cillitatem
249 1897 480 1974 fragilitatemque
509 1897 697 1957 extimescere.
733 1913 833 1954 vereor
847 1871 1068 1979 enim,¹L‡¹‡„2“¹‘'

74 1988 113 2028 ne
128 1981 242 2041 natura,
262 1972 327 2031 clim
343 1990 460 2047 corpora
474 1975 554 2033 nobis
566 1972 676 2032 infirma
707 1969 839 2041 dedisset,
858 1973 971 2049 iisquek
986 1967 1060 2046 “iim

74 2049 106 2104 ὃς
129 2048 243 2106 morbos
270 2048 426 2109 insanabiles
460 2052 491 2108 δε
510 2050 620 2109 dolores
640 2047 821 2108 intolerabiles
849 2049 1006 2123 adium-atti.

74 2119 170 2194 xisset,
190 2126 298 2185 animos
311 2142 427 2204 quoque
440 2125 546 2186 dederit
559 2137 571 2167 ²
582 2128 612 2185 se
634 2142 785 2202 corporum
805 2124 948 2184 doloribus

879 2217 951 2262 cort-

76 2389 114 2425 rur
123 2376 189 2424 liniti
198 2375 517 2443 libcrdevirtute‚qnernad
530 2377 673 2428 Ciceronem
680 2371 767 2440 scripse
775 2389 814 2433 ,ut
824 2374 858 2426 ait
864 2374 952 2428 Nosse:

77 2438 119 2488 lib.
128 2439 193 2489 r,·de
202 2442 254 2489 Fin.
266 2455 317 2507 cap.
326 2458 348 2505 3,
382 2444 463 2503 Davifi

110 2519 133 2551 2.
148 2507 178 2550 Er
187 2517 295 2556 corporum
304 2507 412 2552 doloribus
422 2512 570 2568 congruenter]
602 2509 631 2552 ln
647 2503 719 2552 verbo
735 2513 865 2566 congruenter
881 2516 952 2550 men·

75 2564 135 2613 dnm
145 2563 232 2614 subesse
241 2564 346 2631 suspicor.
380 2565 496 2632 fignificat
506 2568 571 2615 enim
582 2569 634 2617 Cic.
647 2581 757 2616 naturam
775 2565 844 2613 nobis
859 2562 949 2614 dedisse

75 2631 172 2677 animos
183 2630 208 2678 δι
218 2643 249 2677 cx
260 2643 301 2678 cor
334 2644 386 2679 rum
404 2631 527 2681 doloribus
541 2629 652 2680 dolorem
666 2630 833 2679 contrahentes
853 2640 882 2676 ac
896 2642 950 2690 per·

74 2691 198 2746 ferentes,
215 2693 240 2740 δι
254 2706 283 2740 ert
304 2697 338 2742 uis
351 2726 358 2749 ,
372 2698 418 2743 bec.
437 2693 502 2759 quast
518 2691 611 2741 dixisset
628 2694 797 2754 cvranyriiicae
813 2694 839 2739 δι
851 2691 953 2748 συμπί-

78 2771 200 2821 excreat,
216 2756 241 2804 δι
256 2755 303 2804 unt
319 2771 374 2805 cum
390 2757 527 2821 corporibus
547 2756 673 2815 dolentes,
689 2751 826 2816 sensumque
842 2755 951 2816 eorporis

75 2814 258 2881 participantes,
275 2818 322 2867 &c
355 2826 387 2867 At
398 2835 446 2869 vor
457 2833 587 2880 enarratum
603 2834 653 2865 non
670 2816 761 2866 viderur
777 2817 838 2865 hanc
854 2813 949 2864 senten·

79 2879 142 2927 tiam
154 2879 326 2943 notionemque
335 2882 473 2948 exprimere.
490 2879 587 2931 sortasse
598 2882 682 2929 meiius
690 2876 849 2943 expressisset,
864 2877 881 2926 ti
898 2878 955 2928 scri-

77 2954 147 3008 ptum
160 2938 239 2997 esset,
258 2957 366 3007 corporum
383 2948 490 2994 doloribus
508 2942 650 3007 congnoscas
660 2941 698 2991 seu
718 2943 889 3006 congrescrtstete
914 2942 954 2990 vel

74 3005 269 3068 congravefcentes,
281 3009 320 3054 vel
330 3009 480 3071 confringentes.
513 3010 615 3059 omnino
626 3005 688 3054 aliud
699 3006 796 3055 verbum
811 3002 851 3052 hic
860 3002 952 3053 deside·

76 3083 113 3119 ro.
144 3067 345 3118 cumhisaurem
362 3071 525 3121 Ciceronianis
542 3069 677 3124 construunt
694 3069 736 3116 illa
750 3067 889 3116 Lucretiaua
907 3066 952 3119 lib.
1010 3112 1014 3123 ,

78 3144 124 3178 rrr.
144 3135 222 3179 Praerer
231 3135 356 3194 eamqudm
369 3131 425 3199 quid
437 3136 516 3184 morbis
530 3152 578 3183 cum
593 3137 683 3194 corporis
699 3134 764 3192 agric.
797 3131 904 3178 «Advenit
914 3132 953 3185 id,

80 3195 138 3258 quod
147 3211 194 3240 eam
205 3195 231 3240 de
243 3196 303 3242 restet
311 3197 364 3258 ficpe
375 3197 463 3256 futuris
478 3201 589 3252 macerae,
606 3199 669 3258 inque
684 3211 742 3241 meru
764 3196 820 3241 masi
834 3193 899 3239 habet
914 3209 954 3240 crt-

79 3260 151 3318 risque
169 3256 255 3320 fatigat.
274 3258 383 3309 Lambin.
417 3266 511 3323 torporis
526 3262 632 3310 doloribus
645 3263 794 3321 congerentes]
823 3261 852 3304 ln
863 3255 952 3306 ultimo

80 3319 154 3366 verbo
166 3320 279 3368 mendum
291 3323 364 3371 latere
375 3320 498 3387 suspicatur
511 3328 541 3373 l).
552 3321 682 3372 Lambinus
693 3339 701 3376 ;
719 3334 774 3368 nam
791 3334 845 3368 cum
860 3317 951 3385 signifi·

78 3380 232 3438 camitem,
264 3397 373 3434 naturam
387 3385 455 3436 nobis
471 3384 557 3435 dedisse
571 3386 664 3434 animos
675 3399 705 3431 err
720 3397 846 3446 corporum
861 3382 955 3432 dolori·

79 3444 124 3496 buc
134 3442 244 3508 dolorem
253 3447 434 3510 contrahentes,
448 3449 491 3500 illa
500 3463 549 3501 ron
558 3450 612 3501 viro
625 3446 718 3501 uudiro
728 3461 778 3497 nou
789 3444 880 3499 ridetur
890 3445 953 3495 banc

824 3548 846 3583 fl
904 3504 956 3555 scn-
