2318 3914
192 155 465 243 x,Ltrrrtrt
507 152 798 224 PittacusU
885 165 969 242 2235

91 268 211 330 meritiis
225 272 406 347 etiamsregit
420 268 547 345 quodam
561 270 651 328 modo
672 269 867 345 auderitatqm
887 285 975 330 vete-

92 349 127 405 ris
139 349 297 425 disciplinae.
333 347 460 424 spoliavit
475 345 551 402 enim
567 346 698 421 uirmtem
712 347 761 405 suo
782 347 884 406 decore
910 349 966 406 im·
997 374 1000 385 ·
1065 414 1068 419 ,

92 421 217 484 becillam
238 445 274 485 ue
288 423 425 492 reddidit,
444 419 523 498 quod
536 423 650 498 negavit
662 424 692 482 in
713 440 746 481 ea
766 422 821 483 sola
843 423 965 503 positum

94 498 148 562 esse
168 445 245 562 beabb
259 504 366 562 vivere.

133 579 209 643 Nam
220 568 335 648 boam,
352 577 412 653 ejus
424 575 558 646 auditor,
583 586 758 653 quamquam!
780 576 832 635 suit
851 579 906 636 acri
926 578 969 637 in·
981 595 1018 656 34

92 656 196 730 genio,
215 671 314 716 tamen
329 653 362 712 ab
376 671 408 712 ea
421 652 558 730 disciplina
573 655 694 715 omnino
708 651 891 712 semovendus
913 654 968 715 est:

92 733 143 809 qui
156 731 223 807 cum
237 729 363 791 maximd
375 725 550 790 necessariam
565 742 672 806 partem
687 728 886 805 philosophiae,
904 749 970 807 quae

93 809 183 886 posita
199 809 237 867 esl
250 810 280 869 in
293 809 392 867 virtute
406 807 458 866 t&
477 808 507 868 in
521 806 660 877 moribus,
684 806 733 864 reli
754 803 848 877 nisset,
860 819 997 886 totum-q
1011 810 1038 862 δι
1052 823 1108 888 mo·

95 904 154 962 que
166 886 194 944 se
209 884 244 944 ad
257 883 494 960 investigationem
510 897 616 944 naturae
631 883 737 943 contuli
759 897 787 942 et
802 924 811 955 ‚
830 886 860 944 in
875 900 907 942 ea
915 884 969 960 ipsa
979 873 1022 925 “b
1032 876 1085 929 ¹²¹¹·

95 961 247 1040 plurimltm
263 954 397 1022 disseditd
419 960 478 1020 suis.
518 961 680 1038 Speusippus
706 972 802 1019 autern
822 962 853 1020 δι
872 961 971 1021 Xeno·
1117 965 1121 971 '

97 1050 204 1109 crates,
244 1041 293 1117 qui
312 1039 396 1117 primi
415 1038 536 1116 Platonis
556 1040 694 1097 rationem
721 1034 972 1115 auctoritatemque
1013 1048 1039 1096 Ρ.
1058 1049 1085 1096 a.

96 1114 265 1192 susceperant
271 1139 281 1184 ;
304 1113 501 1190 ²&post2hos
514 1115 634 1175 Polemo
661 1117 692 1173 δι
717 1117 836 1184 Crates,
856 1113 970 1192 unique
982 1133 998 1176 'z
1012 1129 1038 1177 at
1049 1129 1093 1175 aut

99 1194 271 1262 Crantor,in
286 1190 441 1250 Academia
456 1195 631 1268 congregati,
652 1186 796 1266 diligenter
803 1190 831 1247 4⁸
841 1194 879 1252 eis'
888 1210 970 1269 ,quae
979 1207 1020 1237 Μ
1031 1191 1112 1268 Μ·

96 1269 113 1330 d
126 1269 306 1359 superioribus
319 1286 385 1327 acce
405 1282 499 1338 erant,
518 1270 674 1328 utebantur.
706 1268 768 1342 Jam
782 1267 995 1331 Polemonem²
1009 1269 1050 1305 ‘⁰⁵
1060 1257 1111 1302 ⁴²¹¹·

97 1347 261 1409 audiverant
274 1343 377 1405 affidue
387 1286 521 1419 beno&
536 1341 677 1405 Arcesilas.

137 1423 192 1482 Sed
212 1424 294 1483 Zeno
315 1421 386 1494 clam,
401 1422 553 1482 Arcesilam
574 1424 690 1482 anteiret
711 1433 820 1503 atate,
837 1418 974 1502 valdequd
986 1450 1020 1510 35

96 1500 227 1561 subtiliter
251 1496 439 1572 dissereret&
459 1497 590 1578 peracute
610 1511 794 1568 moveretur,
833 1503 972 1578 corrigere

55 1587 68 1617 ‘·
97 1589 216 1637 conatus
229 1576 268 1635 est
282 1574 460 1653 disciplinam
499 1586 561 1643 eam
577 1580 717 1654 quoque,
736 1575 756 1634 si
771 1577 899 1648 videtur,
910 1594 973 1638 cor·

56 1658 59 1663 “
97 1653 253 1713 rectionem
271 1653 448 1729 'explicatam
481 1654 550 1715 ficut
571 1652 673 1712 solebat
696 1653 860 1714 Antiochus.
899 1655 974 1716 Miht

97 1729 169 1867 1qernq
185 1773 194 1800 ,
213 1730 351 1819 inquam,
369 1729 499 1791 videtur:
528 1729 608 1808 quod
628 1729 705 1789 ridet
726 1729 803 1791 idem
824 1730 980 1809 fignificare·
1075 1786 1082 1795 .

121 1826 140 1867 o
172 1824 299 1884 pomum.
317 1814 342 1835 ⁸¹

137 1885 173 1944 X.
192 1885 242 1944 Za
252 1902 299 1944 rto
319 1884 402 1961 igitur
415 1882 596 1945 nullomodo
610 1885 632 1943 is
647 1892 721 1955 erat,
741 1885 806 1963 qui,
826 1897 857 1943 ut
872 1885 975 1945 Theo-

98 1961 240 2039 phrastus,
253 1979 357 2021 nervos
377 1960 483 2021 virtutis
508 1959 680 2020 binciderit:
701 1960 747 2021 sed
775 1959 877 2021 contrd
893 1962 999 2040 ,quib
1014 1961 1126 2014 incideret

99 2039 216 2108 omnia,
235 2055 300 2115 quae
315 2036 350 2096 ad
363 2036 471 2097 beatam
486 2038 574 2097 vitam
588 2040 781 2112 pertinerent,
801 2040 829 2097 in
851 2057 906 2098 una
919 2042 973 2099 vir·
983 2031 1037 2080 MS.

99 2126 161 2175 tute
176 2127 310 2191 poneret,
329 2131 384 2173 nec
399 2115 552 2194 quidquam
566 2113 639 2173 aliud
654 2127 813 2175 numeraret
834 2114 864 2175 in
879 2117 976 2188 bonis,

99 2191 186 2270 idque
202 2182 348 2269 appellalet
368 2191 516 2263 honestum
532 2227 543 2264 -,
561 2189 729 2271 quodj'elset
750 2191 865 2268 srmplex
887 2195 979 2270 quod·

99 2268 186 2339 dam,
206 2268 353 2339 &solum,
373 2269 405 2327 δι
420 2287 514 2329 unum⁴
533 2269 651 2329 bonum.
691 2270 792 2329 Cetera
814 2281 908 2331 autem
931 2271 1027 2362 etsr35
1093 2340 1096 2345 ,

104 2360 160 2405 nec
179 2344 254 2404 bona
273 2362 327 2404 nec
341 2344 413 2404 mala
426 2340 535 2416 essent,
573 2358 670 2407 tamen
690 2346 742 2406 alia
761 2346 913 2406 secundum
928 2368 980 2408 nab

100 2428 194 2482 turam
210 2420 335 2491 dicebat,
354 2420 406 2480 alia
420 2435 527 2482 natutae
540 2418 595 2482 effe
617 2425 762 2483 contraria.
801 2425 832 2482 iis
852 2424 912 2500 ipsis
927 2426 978 2484 alia
1004 2496 1006 2501 .

101 2497 246 2576 interjeda
272 2498 302 2557 dt
327 2496 419 2557 media
433 2499 604 2559 numerabat.
637 2516 702 2577 quae
717 2509 811 2559 autem
826 2500 978 2561 secundum

102 2588 231 2635 naturam
247 2572 350 2646 essent,
390 2592 423 2634 ea
442 2574 576 2637 sumenda
603 2576 633 2637 ἃ
653 2576 775 2654 quadarn
797 2576 996 2637 'aestimatione-

101 2650 240 2728 dignanda
261 2648 396 2711 docebat:
415 2664 570 2730 contraque
581 2653 750 2723 contraria:
770 2665 868 2714 neutra
881 2648 982 2721 aulem
1015 2726 1017 2733 Α

101 2729 132 2787 in
146 2727 245 2787 mediis
258 2728 444 2805 relinquebat:
465 2730 494 2788 in
507 2729 609 2807 quibua
626 2731 749 2806 ponebat
768 2731 838 2790 nihil
858 2732 978 2797 omnino
1061 2740 1064 2744 ·

101 2800 158 2864 esse
172 2807 321 2864 momenti.
490 2827 501 2849 .=
802 2842 808 2855 .
969 2846 972 2853 -

141 2881 196 2940 Sed
209 2897 274 2959 quae
289 2879 374 2942 effent
387 2882 538 2955 sumenda,
559 2901 594 2943 ex
613 2883 655 2943 iio
665 2883 717 2943 alia
736 2881 824 2959 pluria
841 2880 895 2942 esse
909 2883 979 2943 aestb
994 2904 1026 2965 37
1044 2910 1047 2915 ·

101 2958 205 3019 manda
219 2989 236 3029 ‚v
248 2960 302 3018 alia
314 2961 443 3038 minoris:
465 2979 530 3038 quae
543 2960 644 3038 pluris,
665 2977 697 3019 ea
719 2958 865 3036 praepofita
874 2960 978 3039 ¹appel·

98 3035 197 3106 labat3
226 3035 349 3114 ereJeaa
370 3049 490 3109 autem,
509 3055 575 3116 quae
596 3037 721 3115 minoris.
760 3047 844 3115 atque
864 3052 895 3097 ut
915 3038 1122 3161 haeccdqejuntta

901 3128 1000 3175 issone
1030 3127 1100 3166 ,vam

133 3261 171 3313 48.
189 3255 244 3313 aas,
254 3271 300 3320 qua
316 3255 331 3302 d
342 3254 486 3320 superioribas
500 3264 632 3319 acceperant,
642 3257 775 3315 aalma]
789 3256 826 3305 Sic
840 3246 940 3305 vittoni
955 3268 983 3303 ac

99 3317 207 3367 Turnebi
215 3319 306 3376 editio;
322 3318 354 3369 sic
366 3318 423 3369 tall.
438 3316 519 3367 noslrl.
537 3319 598 3366 olim
612 3316 659 3371 ensi
672 3352 681 3376 ,
697 3335 789 3382 uque
799 3319 813 3364 ὴ
820 3321 868 3383 sup.
880 3336 923 3368 uc.
935 3331 985 3364 tae·

96 3380 185 3430 samur.
200 3382 268 3444 q'uod
284 3382 393 3449 expressi.
410 3386 495 3431 iterum
511 3379 629 3446 usurparit
646 3382 734 3433 Noster
751 3381 821 3430 libris.
830 3383 860 3431 de
877 3379 982 3430 Finibus.

99 3441 233 3493 Lambinus
244 3445 348 3497 adiiceret
354 3445 493 3513 publicatis,
509 3443 564 3493 licet
572 3443 604 3494 fic
614 3460 713 3513 quoque
723 3443 849 3496 invenisset
861 3441 984 3509 induobpa
1084 3500 1088 3515 Ι

98 3504 156 3561 suit.
189 3510 283 3560 (ἔκηε
1099 3542 1102 3549 ’

418 3594 422 3598 -
519 3568 718 3643 perarata
886 3559 985 3631 taet-
1091 3558 1102 3625 l
