2318 3914
256 92 448 159 Linea
491 96 734 163 Pataros.
842 98 922 163 2621

45 200 97 279 qui
109 216 269 278 numquam
283 202 383 272 suerit,
402 202 432 261 ἃ
453 220 549 278 regem
572 202 837 279 Agamemnonem,
855 201 924 261 nihil

45 276 193 337 interesse:
214 296 268 339 nee
281 279 362 367 pluris
376 294 451 337 nunc
474 280 566 339 facere
586 280 630 337 M.
649 278 799 337 Camillum
814 276 871 335 hoc
883 278 925 337 ci·

8 401 16 431 ,
45 354 106 412 vile
120 354 225 415 bellum
244 373 330 432 quam
351 372 406 430 ego
432 355 480 414 illo
509 357 576 413 vivo
598 356 712 413 fecerim
733 354 858 411 Romam
878 370 924 413 ca·

8 444 13 451 ·
47 441 141 505 ptam.
161 433 219 491 Cur
232 433 313 507 igitur
326 433 356 490 ὃ(
372 431 504 491 Camillus
518 432 624 491 doleret
639 473 649 499 ,
667 429 688 487 st
706 430 769 488 lraec
790 429 850 504 post
869 442 926 489 tre·

46 510 195 567 centos&
226 510 406 585 uinquaginta
421 507 479 567 sere
493 526 581 567 annos
595 518 728 565 eventura
744 518 850 579 putaret
865 548 874 573 ,
894 508 925 565 sic

8 605 17 640 ÷·
48 593 134 657 tego
150 527 340 652 curiosam,
361 584 380 642 sr
394 582 428 641 ad
443 584 541 643 decem
563 584 648 643 millia
668 599 805 641 annorum
821 582 851 634 ⁶9
857 599 924 657 gen·
933 588 1070 662 scurror.

47 667 113 715 tem
133 660 251 736 aliquam
280 662 377 718 urbem
399 660 518 720 noslmm
540 662 689 735 potituram
717 670 812 731 putem
829 656 841 715 s
860 658 1055 733 quiatfuqt·

48 744 129 793 tanta
144 739 240 795 caritas
248 738 348 811 patriae
361 736 422 804 est,
448 748 479 795 ut
497 755 561 795 eam
581 754 640 796 non
659 734 736 793 sensu
749 734 860 802 nostro,
879 714 1030 823 serlz'sogssff

48 807 137 869 salute
152 812 231 886 ipsius
246 814 401 870 metiamur.
931 790 1002 885 lgm,

96 889 262 947 XXXVlll.
282 890 432 958 lraouu
453 907 512 949 non
527 888 645 947 deterret
665 885 814 961 sapientem
832 904 967 974 mors,91

51 984 123 1042 quae
137 980 249 1039 propter
262 966 381 1023 incertos
402 964 474 1023 casus
495 964 621 1041 quotidie
641 962 793 1031 imminet,
813 976 924 1038 propter

9 1090 14 1097 .
50 1042 223 1101 brevitatem
252 1043 317 1099 vitae
336 1060 489 1117 numquam
511 1040 595 1115 louge
623 1038 711 1113 potest
733 1036 846 1109 abesse,
864 1058 924 1114 quo

9 1120 20 1184 ,“
52 1116 151 1177 minus
165 1119 192 1175 in
208 1135 295 1175 omne
308 1130 418 1193 tempus
430 1118 586 1193 reipublicae
600 1116 705 1191 suisque
713 1115 852 1183 consulat,
870 1120 949 1183 asta
964 1132 990 1169 ut
1004 1122 1055 1169 MS.

9 1196 17 1256 ἶ
52 1193 243 1269 posteritatem
257 1193 358 1268 ipsam,
378 1195 455 1267 cujus
468 1192 574 1253 sensum
589 1194 728 1251 habiturus
742 1210 799 1251 non
814 1190 845 1250 sit
860 1235 869 1261 ‚
888 1188 964 1251 adu

9 1263 15 1331 .'
53 1270 84 1329 se
106 1279 185 1343 putet
211 1273 356 1344 pertinere.
395 1272 491 1345 Quare
515 1270 579 1327 licet
598 1269 682 1326 etiam
703 1268 849 1333 mortalem
872 1264 926 1327 esse

9 1350 15 1405 .'
55 1346 186 1403 animum
198 1344 388 1419 judicantem,
408 1358 510 1405 aeterna
526 1346 639 1412 moliri,
659 1362 717 1402 non
738 1344 834 1418 gloriae
850 1346 926 1419 cupi·

9 1460 26 1495 ·,
60 1421 148 1479 ditate
163 1463 172 1489 ,
191 1437 275 1495 quam
289 1423 409 1482 sensurus
423 1440 482 1481 non
497 1421 546 1490 sit,
565 1420 611 1479 sed
624 1420 727 1479 virtutis
742 1462 751 1487 ,
770 1438 855 1495 quarn
877 1438 927 1479 nc·

9 1496 26 1559 ἶ
59 1493 174 1555 cessario
189 1498 291 1572 gloria,
310 1501 393 1557 etiam
416 1496 436 1555 st
458 1511 490 1557 tu
510 1497 538 1557 id
559 1514 717 1571 nonages,
736 1495 926 1571 consequatur.

10 1562 31 1641 ⁵.-
60 1586 158 1632 natura
171 1572 239 1631 vero
252 1573 289 1631 fic
302 1574 329 1632 se
343 1576 441 1641 habet,
460 1586 516 1643 ut,
535 1591 593 1648 quo
610 1572 698 1631 modo
719 1572 828 1631 initium
848 1572 927 1631 nobis

20 1647 31 1665 ⁶
61 1666 155 1707 retum
169 1650 297 1708 omnium
312 1663 387 1711 ortus
401 1650 493 1709 noller·
504 1649 622 1716 afferat,
642 1648 677 1706 fic
699 1650 805 1707 exitum
827 1666 902 1707 mors
916 1670 926 1714 ;

61 1736 95 1783 ut
107 1725 175 1783 nihil
187 1726 316 1800 pertinuit
328 1727 365 1786 ad
377 1743 429 1787 nos
441 1738 506 1787 ante
520 1738 612 1785 ortum
623 1724 675 1791 ‚fic
690 1724 757 1783 nihil
771 1724 831 1798 poss
853 1741 929 1781 mor·

62 1812 122 1859 tem
152 1803 305 1875 pertinebit.
342 1804 454 1879 inquo
478 1800 545 1878 quid
564 1801 652 1876 potest
674 1798 728 1858 esse
748 1801 835 1866 mali,
862 1800 927 1859 cum

40 1900 43 1906 ·
64 1887 97 1931 70
106 1882 180 1935 mo'rs
194 1895 246 1936 nec
261 1878 296 1936 ad
310 1877 389 1937 vivos
402 1880 552 1953 pertineat,
572 1894 625 1937 nec
639 1876 675 1935 ad
688 1877 834 1937 mortuos?
854 1877 950 1967 alteri¹
961 1916 1047 1967 aaut,

10 1978 36 2013 a
62 1953 132 2011 nulli
146 1950 230 2022 sunt,
249 1954 348 2013 alteros
361 1972 420 2013 non
434 1955 567 2029 ‘attingit
938 1981 1021 2045 tinget.

10 2028 33 2073 ἔτ
105 2032 203 2103 Quam
216 2032 264 2106 qui
283 2030 418 2089 leviorem
438 2030 566 2100 faciunt,
585 2029 675 2088 somni
695 2027 860 2087 simillimam
880 2046 976 2119 vo-92

10 2102 29 2149 “·
61 2105 126 2165 lunt
141 2103 203 2163 esse.
240 2106 398 2181 quasivero
413 2108 556 2182 quisquam
574 2108 611 2165 ita
624 2105 774 2178 nonaginta
787 2121 874 2163 annos
883 2123 933 2162 ve-

10 2164 32 2255 ζ
59 2181 222 2249 scrivere,
242 2194 290 2249 ut,
309 2180 373 2241 cum
386 2182 521 2258 sexaginta
534 2183 710 2249 confecerit,
730 2180 849 2255 reliquos
869 2180 934 2239 dor·

11 2286 24 2321 e
61 2258 143 2317 miat.
162 2268 189 2313 7¹
199 2276 235 2318 ne
249 2259 308 2318 sues
321 2259 436 2336 quidem
449 2259 477 2318 id
490 2259 594 2327 velint,
612 2277 671 2318 non
691 2256 779 2317 modo
794 2256 857 2391 ἱρέα
876 2257 934 2317 Err-

834 2350 934 2409 ymrou

11 2492 15 2499 '
60 2499 160 2537 taumm
171 2485 197 2533 in
207 2486 279 2534 melle
288 2486 387 2537 allatum
398 2486 502 2539 Claudio
513 2486 610 2551 principi
620 2500 649 2535 ex
661 2491 769 2550 AEgypto.
787 2487 884 2536 Beroasd.

99 2557 139 2601 69.
156 2552 243 2594 Gentem
255 2553 352 2613 aliquam
361 2552 433 2598 urbem
442 2552 533 2611 nostram
547 2556 683 2612 potituram]
705 2554 755 2596 MS.
773 2549 870 2598 Norvic.
882 2552 941 2612 peti·

65 2626 154 2659 ruram.
172 2608 350 2666 retrensnurt.
361 2613 430 2673 nostra
443 2618 560 2673 potituram
573 2646 580 2668 ‚
595 2628 672 2674 eoque
686 2610 762 2660 niodo
775 2610 896 2660 ediderunt
912 2628 940 2660 u·

64 2686 155 2733 terque
175 2674 294 2720 Manutius
309 2688 336 2722 ae
350 2674 541 2725 Des..Erasmus:
558 2689 678 2724 memoret
689 2688 775 2733 nempe
785 2690 835 2720 non
850 2687 935 2732 crant,

64 2733 228 2785 accusativum
247 2733 325 2783 casiam
352 2738 406 2787 huie
430 2738 503 2787 verbo
528 2737 624 2804 adjungi
647 2736 720 2802 posse.
758 2738 859 2797 Scripror
880 2736 941 2786 Bell.

64 2797 168 2860 Hispan.
183 2810 234 2860 cap.
244 2812 280 2851 ις.
296 2802 475 2865 oppidmporin'
481 2800 565 2863 paffese
575 2801 688 2863 sperarent.
706 2800 795 2848 Hirtius
802 2799 858 2846 sess.
867 2798 942 2850 Asric.

66 2876 123 2921 cap.
136 2869 173 2915 87.
197 2859 310 2923 Postquam
324 2862 391 2921 castre
405 2881 445 2909 non
457 2878 566 2929 paruerant
581 2869 655 2923 potiri.
688 2865 723 2911 Sic
735 2862 791 2909 alibi
803 2859 887 2923 passim
901 2862 940 2908 lo·

67 2936 176 2985 quantur
186 2922 362 2985 prestantissimi
372 2926 507 2989 scriptores,
520 2938 546 2973 nt
555 2926 700 2976 ostendimus
709 2925 738 2972 ad
750 2924 812 2969 illius
824 2924 875 2971 libri
885 2936 937 2987 cap.

66 2996 108 3045 36.
127 2984 188 3034 vide
197 2989 223 3037 s<
234 2990 265 3034 G.
274 2986 299 3050 J.
307 2986 412 3037 Vossium
423 2988 453 3037 de
465 2987 598 3039 construis.
617 3004 667 3051 cap.
677 3000 716 3037 ιι.
750 2987 831 3043 trevis

65 3085 70 3093 .
101 3064 140 3105 70.
158 3053 303 3097 Mmmad
310 3056 503 3109 vr'vospmime,
518 3056 724 3106 meduanensi]
739 3049 865 3111 Eleganter
876 3047 936 3097 mihi

64 3112 185 3161 uideretur
195 3111 254 3161 illud
261 3117 365 3175 pertineat
380 3113 510 3170 subaudiri,
526 3129 580 3164 eum
594 3115 697 3181 principe
708 3112 754 3161 Pal.
771 3113 812 3174 qui
826 3126 856 3160 eo
867 3112 937 3161 desii·

65 3178 149 3225 mutue.
180 3178 286 3227 uetare

100 3253 138 3293 7r.
155 3245 187 3285 Ne
196 3242 245 3299 sires
258 3243 346 3303 quiden·
361 3244 386 3289 ris
399 3244 476 3293 velint.
509 3244 612 3303 Eadm]
632 3245 661 3287 lrr
672 3238 727 3288 libb.
746 3238 784 3285 vul
817 3271 824 3287 .
841 3237 893 3299 posi
909 3242 934 3286 ris

65 3302 141 3348 velint
160 3299 284 3361 sequantur
299 3303 409 3369 deinceps
419 3306 485 3359 hee,
501 3308 610 3351 nonmodo
621 3306 670 3365 ipse.
686 3318 713 3350 ea
723 3316 769 3365 ego
824 3300 933 3351 diturde-

64 3364 140 3415 senda
150 3362 239 3414 censeo.
256 3382 306 3415 non
317 3370 368 3419 sunt
378 3369 444 3417 enim
454 3368 577 3417 Ciceronis
588 3401 595 3421 ‚
611 3364 650 3415 sed
661 3368 737 3416 aliena
751 3368 776 3415 δι
786 3381 816 3413 ex
831 3378 933 3413 annota-

65 3430 135 3477 tione
156 3428 236 3491 asiqua
250 3444 314 3481 nata.
332 3434 429 3483 Lambr‘n.
462 3438 494 3481 Ne
504 3433 554 3495 sues
567 3426 655 3495 quidm
675 3430 699 3478 td
710 3431 799 3485 velint,
819 3446 861 3475 narr
871 3430 933 3474 morso

874 3489 935 3553 sse-s
