2234 3900
1057 35 1078 76 'A

236 116 319 203 23³⁶
421 118 618 180 hennam.
647 114 958 197 Quesrrouorr

235 227 397 297 videamus,
415 245 480 305 quae
494 228 541 285 diu
561 226 737 305 multumque
757 226 868 287 desensa
892 225 963 287 sunt.
1019 255 1023 263 ·
1062 239 1078 280 ···

169 330 219 389 131
269 304 326 363 Alii
340 304 511 381 voluptatem
531 302 617 363 finem
633 302 686 363 else
701 304 864 363 uoluerunt:
884 321 1008 381 quorum

230 398 295 457 ceps
309 380 476 458 Aristippus,
494 382 544 459 qui
558 381 700 439 Socratem
713 381 857 449 audierat;
877 382 953 441 unde

230 462 265 519 ci.
304 456 363 533 phil
375 460 506 535 Epicurus
515 480 533 518 r.
542 460 619 534 cujus
631 458 669 517 esi
681 456 819 533 disciplina
832 475 909 517 nunc
922 460 1034 521 notior:
1048 467 1078 532 1

230 554 288 613 que
300 550 395 595 tamen
409 555 474 595 cum
484 536 643 612 Cyrenaicis
657 534 693 593 de
706 534 761 610 ipsa
769 535 912 620 voluptate
918 536 1022 599 cbnsen
1034 538 1042 551 '
1076 535 1078 542 ’

229 612 400 687 voluptatem
433 626 527 672 autem
552 615 582 671 bt
596 612 768 670 honestatem
790 610 875 671 finem
898 610 954 673 else
972 615 1040 675 Calli

230 688 350 757 censuit:
371 709 467 749 uacare
480 692 560 749 omni
573 688 697 747 molestia
715 690 932 765 Hieronymus:
950 690 1031 751 boci

229 783 296 823 curn
312 766 453 825 honestate
472 768 620 826 Diodorus.
660 766 746 824 ambo
767 766 797 824 hi
811 767 996 842 Peripatetici.
1033 761 1078 850 lt‘q

227 841 302 901 nelle
317 857 409 901 autem
433 846 549 912 rivere,
575 846 714 901 fruentem
735 842 813 901 rebus
833 844 888 912 iis,
908 843 1078 989 quanm

226 920 336 977 homini
350 934 445 978 natura
459 922 609 989 conciliet,
629 922 659 978 δι
676 931 754 978 retus
767 920 923 978 Academia
937 938 971 980 ce
1003 923 1055 993 uit,

228 995 349 1055 indicant
361 996 456 1073 scripta
469 998 645 1065 Polemonis,
664 1014 749 1072 quem
763 996 922 1056 Antiochus
929 998 1029 1073 probat
1054 1064 1060 1086 ι

228 1072 303 1130 xime
336 1075 403 1133 75&
425 1074 604 1133 Aristoteles:
631 1074 745 1149 ejusque
763 1074 847 1131 amici
867 1092 943 1133 nunc
965 1076 1043 1151 pro'

226 1148 352 1207 videntur
366 1150 506 1209 accedere.
531 1149 725 1209 introducebat
739 1150 823 1207 etiam
840 1150 1014 1221 Cameader,
1031 1151 1078 1214 nd

77 1260 95 1293 χ
109 1245 175 1310 quod
224 1226 306 1301 ²¹qui>
320 1228 462 1299 probaret,
481 1226 525 1286 sed
541 1241 570 1284 ut
584 1238 738 1301 opponeret
752 1226 865 1293 Stoicis,
884 1226 1026 1287 summum
1039 1228 1078 1288 bu

74 1310 125 1360 atii.
224 1320 293 1360 num
307 1299 377 1371 elle,
397 1305 449 1361 frui
465 1305 495 1361 iis
516 1305 615 1371 rebus,
635 1320 701 1379 quas
722 1303 821 1376 primas
841 1316 937 1361 natura
960 1304 1078 1364 condffl

225 1376 311 1437 visset.
330 1380 488 1437 Honestum
503 1394 615 1445 autem,
634 1379 710 1455 quod
725 1377 839 1435 ducatur
858 1380 874 1436 a
889 1380 1078 1442 conciliatione

106 1467 132 1513 r.
152 1469 179 1516 rr.
224 1457 434 1523 naturae,Zeno
448 1456 536 1513 statuit
551 1456 635 1513 linem
652 1452 705 1513 elie
719 1456 876 1513 bonorum:
895 1459 945 1533 qui
957 1457 1078 1518 iuventte

221 1534 389 1607 &princeps
403 1534 559 1590 Stoicorum
576 1534 635 1590 suit.
676 1609 690 1645 Γ
783 1552 789 1561 ·
988 1608 1005 1668 b
1062 1568 1070 1596 ι

276 1610 286 1630 Ι
358 1653 365 1665 ο
677 1610 710 1665 di
980 1610 986 1621 ⁴
1054 1610 1069 1624 '¹

160 1608 1078 1767 ..matrim:ruurttrfrutlrmrm

220 1761 325 1819 trarios.
365 1762 410 1820 Ad
425 1780 475 1821 ros
490 1779 564 1820 nunc
578 1763 684 1831 restro,
704 1780 789 1837 quum
803 1760 918 1837 sequar?
937 1760 1028 1821 modd
1045 1779 1078 1823 ne

220 1837 362 1910 quiaillud
389 1852 446 1897 tam
479 1837 646 1896 ineruditum
678 1838 877 1912 absurdumque
896 1837 1077 1913 respondeat:

219 1915 400 1989 Quemlihct,
417 1914 505 1972 modo
520 1914 649 1991 aliquem.
687 1915 763 1972 Nihil
785 1915 872 1989 potest
893 1913 949 1972 dici
962 1912 1078 1977 inconfi-

219 1992 345 2049 deratius.
384 1993 476 2066 Cupio
497 1991 572 2069 sequi
593 1992 709 2049 Stoicos.
746 1990 872 2049 licetne?
900 1992 1006 2052 omitto
1031 2008 1077 2069 per

212 2068 301 2141 ipsum
317 2068 517 2135 Aristotelem,
551 2084 618 2125 meo
628 2067 734 2143 judicio
753 2068 781 2126 in
805 2067 978 2142 philosophia
992 2066 1076 2147 prope

211 2144 396 2219 iugularem:
424 2162 473 2219 per
493 2143 579 2217 ipsum
601 2145 799 2213 Antiochum,
825 2146 874 2219 qui
894 2146 1076 2219 appellabatur

210 2220 415 2278 Academicus:
443 2232 499 2276 erat
520 2220 658 2293 quidem,
685 2220 706 2278 fi
732 2237 867 2295 perpauca
894 2218 1073 2294 mutavisset,

209 2295 238 2347 τό
245 2295 460 2372 germanissimus
473 2294 581 2355 Stoicis.
617 2298 667 2354 crit
681 2297 761 2371 igitur
774 2315 815 2356 res
825 2299 884 2371 jam
900 2298 930 2356 in
944 2297 1072 2359 discrimi-

1028 2392 1072 2437 ne.

240 2581 276 2621 ῖς.
295 2572 325 2613 Er
341 2569 470 2628 Aristoteles
482 2572 567 2633 ejusque
583 2573 650 2617 amici
664 2587 717 2617 nunc
734 2574 828 2631 proxime
843 2572 947 2621 videntur
960 2574 1072 2635 accedere]

207 2629 284 2677 Scribe
292 2636 331 2675 luc
342 2646 385 2694 pro
393 2650 461 2679 nunc:
477 2634 509 2681 ita
519 2637 584 2682 enim
594 2649 624 2681 ex
635 2633 752 2682 codicibus
763 2632 924 2697 manuscriptis
933 2637 1036 2687 correxit
1044 2638 1071 2689 in

206 2697 247 2738 luo
259 2692 319 2741 libro
332 2697 367 2743 vir
376 2695 520 2744 nouissimus
531 2697 635 2760 Joanares
644 2697 717 2746 Scala.
733 2699 806 2756 vrfin.

237 2764 274 2809 76.
293 2759 465 2819 Germanrffimus
476 2765 574 2818 Steiria]
586 2760 682 2821 (iravrff
694 2763 778 2808 Stoicus
787 2761 867 2822 aliqui.
884 2759 930 2809 Sed
941 2762 1070 2825 Gemanrffl

205 2820 290 2866 Stoicus
300 2836 379 2869 verum
392 2821 437 2877 est,
454 2818 478 2870 id
487 2823 537 2879 est,
553 2828 650 2885 puicu&
663 2826 684 2871 'tr
696 2825 744 2876 orie
760 2823 851 2877 aalma
877 2832 982 2877 sumetur.
1015 2830 1070 2875 Ger·

203 2884 334 2945 raaniffimus
344 2889 446 2942 Stoicen]
462 2889 556 2935 Budaeus
569 2890 646 2932 u'rohis
655 2886 712 2948 legit
723 2900 793 2947 atquc
803 2886 904 2947 explicat
913 2888 1069 2939 incommen-

205 2948 270 2993 tariis
280 2949 365 3011 lingua
378 2952 481 3005 Graeca
509 2953 534 2998 bt
551 2948 582 2997 lic
601 2948 650 2996 fere
671 2965 755 2997 omnes
771 2951 858 2997 habeut
872 2950 976 3011 impressi
998 2952 1067 3011 libri,

207 3020 267 3067 quos
278 3012 332 3059 ridi.
368 3016 424 3061 Puto
436 3014 481 3060 huc
491 3010 592 3060 tribuisse
603 3014 677 3074 plures
693 3013 752 3060 tanti
769 3013 811 3060 viri
823 3012 956 3061 autloritati
969 3048 978 3071 ,
996 3030 1066 3076 quern

205 3071 288 3115 stritus
299 3074 426 3135 legendum
437 3073 483 3125 ess'c
494 3078 621 3123 admouere
631 3074 710 3124 debuit
720 3074 767 3139 ipsc
773 3077 868 3131 Cicero,
886 3074 995 3125 cumhoc
1003 3080 1066 3129 idern

208 3146 320 3195 repeteret
331 3149 402 3199 atque
413 3140 600 3202 interpretaretur
610 3137 670 3184 infra
680 3137 724 3194 sac,
739 3142 780 3184 Ille
791 3138 856 3198 noster
865 3139 894 3196 est
900 3142 981 3200 plane,
996 3158 1021 3189 ru
1027 3142 1066 3203 sra-

203 3207 245 3254 pre
260 3198 326 3251 dixi,
348 3202 450 3255 Stoicus,
470 3215 573 3262 perpauca
588 3203 711 3250 balbutiens.
744 3206 801 3250 Non
817 3202 887 3263 igitur
897 3205 1019 3251 Germanus
1032 3204 1065 3255 est

207 3256 258 3311 hic,
276 3272 300 3305 ut
312 3260 473 3315 ursmarum,
490 3263 546 3312 dum
558 3278 601 3325 pra
612 3262 748 3327 lludipnon
760 3263 812 3312 latis
822 3264 936 3322 attendit,
952 3266 1065 3331 iuterpte·

208 3332 288 3375 tatur,
306 3322 391 3375 §delcit
402 3356 409 3375 ‚
421 3324 445 3369 id
461 3324 493 3371 est
504 3328 594 3375 similis,
618 3324 656 3373 scd
669 3335 788 3385 puricum,
810 3326 834 3373 id
850 3327 882 3374 cst
893 3346 974 3383 vetus,
990 3344 1017 3378 ut
1031 3328 1063 3379 fic

203 3382 369 3442 germamffimus
379 3387 463 3431 Stoicus
477 3402 526 3433 non
537 3387 619 3435 similis
630 3402 671 3436 aut
682 3389 813 3437 simillimus
829 3391 927 3445 Stoicis,
943 3390 982 3440 sed
995 3408 1062 3441 verua

209 3446 248 3501 br,
259 3458 284 3499 ur
295 3444 391 3505 dicitur,
402 3462 471 3512 purus
486 3451 593 3509 stoicus,
610 3464 693 3515 atque,
713 3467 738 3502 ut
754 3454 838 3505 cicero
852 3454 954 3519 explicat
967 3489 976 3514 ,
990 3456 1060 3520 plane

999 3520 1058 3567 stol-

249 3572 462 3864 N
