2318 3914
231 105 313 172 2282
399 106 593 171 Aetnen.
632 99 946 182 Qunsrtoiv‘urr

186 223 221 298 65
268 217 330 292 Ego
346 215 420 273 enim
430 213 466 284 ,sr
478 227 525 272 aut
540 214 721 273 ostentatione
736 215 824 293 aliqua
836 214 986 284 addusius,
997 213 1108 274 autstu·

236 292 284 352 dio
299 290 420 350 certandi
436 333 444 361 ,
463 290 498 350 ad
513 292 583 349 hanc
598 288 768 366 potiffimirm
782 290 982 367 philosophiam
1000 309 1108 367 meap-

236 367 353 444 plica‚vi;
374 385 433 425 non
453 365 540 425 modb
555 366 693 425 stultitiam
709 384 822 438 meam,
848 365 894 427 sed
905 369 998 437 ,etiam
1013 378 1109 425 mores

237 447 267 504 bc
280 456 403 502 naturam
419 443 660 503 condemnandam
676 457 754 517 puto.
793 461 858 505 nam
877 462 886 515 ·,
906 443 969 519 siin
983 443 1110 502 minimis

107 539 210 587 nxvrr.
238 522 315 580 rebus
329 520 475 594 pertinacia
490 519 695 595 reprehenditur
712 563 720 587 ,
741 520 878 580 calumnia
893 521 974 580 etiam
992 525 1111 579 coerce·

23 602 36 639 ἰ
89 614 187 662 mergo
238 610 301 655 tur:
321 609 403 670 mego
418 595 452 654 de
466 597 545 655 omni
577 595 644 655 statu
678 596 849 674 consilioque
870 597 954 656 totius
971 597 1041 656 vitae
1063 606 1111 653 aut

90 665 176 736 Mi'ds
238 684 339 732 certare
359 688 424 730 cunr
446 671 501 729 aliis
522 673 704 747 pugnaciter,
730 686 777 731 aut
799 672 914 732 frustrari
934 671 1000 731 crint
1021 672 1110 740 alios,

91 725 145 773 Μ·
238 761 298 807 tum
314 749 396 806 etiam
411 765 457 806 me
472 748 558 822 ipsum
573 746 678 824 velim?
700 748 821 824 Itaque,
846 748 896 808 nist
914 749 1042 824 ineptum
1059 765 1111 822 pu·

90 852 108 885 n
124 848 178 882 eum
188 831 213 880 in
238 836 324 885 tarem
340 867 348 893 ,
369 825 419 882 ¹¹in
432 824 478 881 tali
491 823 672 899 disputatione
686 823 715 882 id
726 825 856 894 ⁰facere,
876 824 969 901 quod,
990 823 1059 883 clim
1074 824 1111 904 de

56 909 59 913 '
90 901 150 977 aut,
240 901 375 975 republica
389 898 567 973 disceptatur,
587 898 646 958 sieri
658 900 797 960 interdum
811 901 879 960 solet
897 920 905 960 t
920 900 1045 976 jurarem
1061 909 1110 975 per

123 957 186 1068 Ἦ
240 978 341 1050 lovem
368 976 489 1050 deosque
510 989 646 1051 penates,
673 995 720 1035 me
735 979 764 1035 ἃ
784 976 980 1037 arderestudto
994 979 1056 1036 veri
1070 994 1112 1035 re·

117 1036 192 1072 '¹¹⁸¹‘
243 1052 382 1129 penendi,
402 1053 431 1109 &
446 1068 477 1110 ea
494 1052 591 1111 sentire
600 1060 617 1121 ‚¹
628 1070 693 1129 quae
707 1053 837 1112 dicerem.
1022 1124 1025 1129 b

196 1138 234 1195 66
281 1127 342 1203 Qus
356 1129 429 1186 enim
443 1124 551 1202 possum
567 1147 626 1188 nou
640 1146 741 1204 cupere
755 1147 852 1188 verum
874 1131 1024 1200 invenire,
1045 1129 1112 1189 cium

156 1276 159 1282 g
241 1207 400 1281 gaudeam,
420 1201 537 1262 srsrmile
552 1204 610 1263 veri
624 1205 692 1280 quid
711 1204 893 1265 invenerim?
911 1204 958 1265 sed
973 1219 1035 1275 ,ut
1056 1206 1113 1266 hoc

192 1340 195 1345 ,
239 1281 455 1358 pulcherrimum
470 1276 523 1338 elle
531 1279 684 1354 judicem,
694 1298 758 1338 vera
773 1282 883 1351 videre,
903 1281 956 1350 fic,
972 1299 1024 1357 pro
1041 1283 1113 1342 veris

241 1358 356 1432 probare
371 1356 447 1422 falsa,
466 1356 653 1431 turpissimum¹
665 1357 711 1414 est.
748 1375 805 1416 nec.
814 1371 908 1416 tamen
921 1375 975 1433 ego
991 1357 1111 1428 issum,

243 1435 292 1510 qui
304 1432 371 1492 nihil
386 1449 518 1506 umquam
535 1431 590 1490 salli
605 1433 776 1508 approbem,
793 1435 841 1509 qui
854 1450 1009 1509 numquam
1024 1429 1114 1493 auen-

243 1512 310 1577 tiar,
330 1509 378 1584 qui
392 1507 460 1566 nihil
473 1509 585 1585 opiner:
605 1507 651 1567 sed
666 1510 814 1584 quaerimus
828 1509 863 1568 de
886 1509 1022 1584 sapiente..
1059 1527 1114 1585 ego

95 1619 112 1669 l>
136 1600 235 1668 qudam
245 1584 312 1645 verb
326 1583 381 1658 ipse
395 1585 424 1642 &
439 1600 553 1657 magnus
570 1584 706 1660 squidem
719 1584 779 1643 sum
801 1586 929 1662 opinator
948 1579 1020 1661 (non
1035 1588 1128 1645 enirn,

23 1685 27 1693 ι
94 1667 145 1715 aut.
244 1661 304 1720 sum
318 1659 432 1734 sapiens)
451 1661 482 1718 δι
497 1677 571 1717 meas
585 1661 766 1735 cogitationes
779 1658 816 1719 fic
831 1660 937 1738 dirigo,
952 1678 1017 1721 non
1031 1661 1069 1721 ad
1083 1663 1116 1721 il-

245 1737 300 1797 lam
316 1735 455 1810 parvulam
471 1735 661 1810 Cynosuram,

283 1817 346 1888 Qu
354 1810 446 1884 fidunt
461 1811 522 1870 duce
535 1810 806 1872 nociturnastboem‘cet
820 1814 850 1870 in
862 1813 934 1884 asto,

244 1901 275 1948 ut
296 1890 337 1947 ait
351 1887 474 1957 Aratus,
494 1904 586 1966 eoque
602 1885 727 1948 neurus
748 1888 924 1966 gubernant,
950 1887 1031 1967 qubd
1046 1906 1111 1949 eam
1155 1946 1157 1957 ,

243 1975 341 2026 tenent
536 1996 538 2001 ·
605 1986 607 1991 ·

128 2066 131 2077 ·
183 2068 190 2077 ,
285 2005 440 2118 Qqae'curfh
453 2040 571 2099 interiore
596 2039 670 2098 brevi
685 2040 846 2099 convertitur
859 2039 934 2099 orbe.-
1155 2080 1157 2095 .

244 2117 290 2178 sed
304 2117 339 2177 ad
353 2117 472 2175 Helicen
499 2117 528 2174 &
550 2116 706 2194 dariffimos
723 2117 992 2191 Semptemtriones,
1011 2116 1041 2176 id
1057 2116 1111 2187 est,

94 2219 112 2271 q
128 2205 223 2260 latores
245 2196 364 2253 tationes
378 2193 442 2260 has,
461 2190 575 2249 elatiore
594 2191 707 2266 specie,
727 2208 785 2251 uon
806 2192 840 2251 ad
859 2207 943 2252 tenue
965 2193 1112 2253 elimatasr

94 2273 146 2320 atu'.
246 2269 282 2330 eb
298 2269 345 2338 fit,
384 2280 414 2324 ut
428 2283 516 2324 errem
536 2269 565 2325 &
580 2285 661 2342 vager
674 2267 758 2326 latiirs.
798 2267 843 2327 sed
864 2287 922 2327 non
937 2268 972 2326 de
986 2287 1034 2327 me
1050 2311 1060 2337 ,
1079 2280 1110 2329 ut

246 2345 319 2414 diri,
338 2342 383 2402 sed
397 2342 433 2402 de
444 2342 563 2416 sapiente
577 2344 715 2418 quaeritur.
753 2343 806 2402 visa
829 2347 904 2402 enim
925 2343 971 2402 ista
991 2343 1058 2402 curn
1080 2362 1111 2404 a·

200 2482 207 2493 ,
243 2422 324 2479 criter
338 2429 462 2477 mentem
488 2417 630 2477 sensumve
650 2420 835 2494 pepulerunt,
854 2420 983 2494 accipio,
1011 2421 1110 2496 hisque

242 2494 383 2556 interdum
409 2495 492 2552 etiam
513 2491 663 2559 assentior,
684 2512 736 2552 nee
757 2497 878 2569 percipio
899 2506 1002 2553 tamen.
1041 2496 1109 2555 nihil

244 2572 319 2641 enirn
335 2571 447 2629 arbitror
467 2565 541 2643 posse
561 2570 670 2644 percipi.
708 2588 765 2628 non
786 2570 844 2627 sum
867 2569 977 2645 sapiens.
1006 2571 1108 2650 ,itaque

243 2645 305 2706 vifis
318 2646 389 2705 cedo
399 2687 407 2715 ‚
418 2661 515 2721 ¹neque
530 2643 637 2719 possum
652 2644 777 2705 resistere.
796 2645 919 2718 sapientis
933 2659 1026 2704 autem
1035 2648 1108 2706 hanc

241 2721 334 2783 censet
348 2719 479 2781 Arcesilas
494 2721 550 2791 vim
566 2717 619 2780 elle
634 2722 802 2789 maximam,
821 2721 931 2780 Zenoni
948 2720 1109 2793 assentiens,

243 2815 396 2859 caverene
412 2798 546 2872 capiatur:
568 2815 604 2855 ne
625 2797 731 2856 fallatur
756 2797 859 2856 videre.
898 2797 965 2855 nihil
981 2798 1018 2855 est
1031 2800 1111 2857 enim

243 2875 278 2933 ab
293 2892 325 2933 ea
339 2873 526 2949 cogitatione,
546 2889 628 2948 quarn
646 2873 778 2931 habemus
798 2873 833 2931 de
852 2874 995 2948 gravitate
1005 2872 1029 2930 sa
1051 2876 1111 2934 ien-

198 2958 232 3032 67
243 2951 294 3021 tis,
314 2966 423 3018 errore,
443 2948 570 3013 levitate,
590 2949 744 3007 temeritate
768 2948 922 3025 &huetius
960 2949 1019 3023 Qui
1062 2951 1069 2962 '
1089 2952 1112 3010 i·

125 3038 150 3087 r.
172 3038 198 3088 B.
246 3038 289 3086 tur
302 3027 400 3100 loquar
413 3024 448 3084 de
473 3024 599 3083 firmitate
620 3023 771 3097 sapientis?
817 3042 883 3084 uem
907 3023 1021 3099 quidem
1040 3028 1071 3084 ni
1093 3024 1112 3086 'l

244 3103 350 3178 opinari
365 3113 395 3160 tu
408 3118 541 3177 quoque,
561 3099 692 3166 Luculle,
713 3040 851 3160 concedis.
889 3099 1111 3176 quodquoniam

242 3177 302 3237 rite
315 3177 444 3251 probatur
462 3183 504 3247 (ut
525 3174 688 3250 praeposterd
709 3188 803 3235 tecum
825 3193 928 3253 agam,
948 3193 1017 3234 mort
1038 3179 1111 3237 rese·

99 3300 102 3311 ,
134 3258 152 3324 f
241 3270 301 3311 ram
317 3252 412 3310 meari
427 3251 781 3329 ordinemthaecprimum
798 3251 938 3327 conclusio
953 3269 1039 3331 quam
1062 3253 1113 3329 in-

239 3328 374 3389 beatvim
394 3326 543 3390 considera.
927 3340 940 3425 t,
1034 3403 1105 3472 XXI

61 3488 300 3737 a·
913 3464 1043 3587 ⁴⁵
