<?xml version="1.0" encoding="UTF-8"?>
<!DOCTYPE html PUBLIC "-//W3C//DTD XHTML 1.0 Transitional//EN"
    "http://www.w3.org/TR/xhtml1/DTD/xhtml1-transitional.dtd">
<html xmlns="http://www.w3.org/1999/xhtml" xml:lang="en" lang="en">
 <head>
  <title>
</title>
<meta http-equiv="Content-Type" content="text/html;charset=utf-8" />
  <meta name='ocr-system' content='tesseract 3.04.00' />
  <meta name='ocr-capabilities' content='ocr_page ocr_carea ocr_par ocr_line ocrx_word'/>
</head>
<body>
  <div class='ocr_page' id='page_1' title='image "./marcitulliicice02pedigoog_0313.png"; bbox 0 0 2318 3914; ppageno 0'>
   <div class='ocr_carea' id='block_1_1' title="bbox 245 112 957 209">
    <p class='ocr_par' dir='ltr' id='par_1_1' title="bbox 245 112 957 209">
     <span class='ocr_line' id='line_1_1' title="bbox 245 112 957 209; baseline -0.014 -16"><span class='ocrx_word' id='word_1_1' title='bbox 245 140 330 209; x_wconf 88' lang='lat'><em>25¹0</em></span> <span class='ocrx_word' id='word_1_2' title='bbox 448 117 510 189; x_wconf 80' lang='lat' dir='ltr'><strong>Da</strong></span> <span class='ocrx_word' id='word_1_3' title='bbox 530 118 619 185; x_wconf 81' lang='lat' dir='ltr'><strong>Fau.</strong></span> <span class='ocrx_word' id='word_1_4' title='bbox 638 113 742 185; x_wconf 82' lang='lat' dir='ltr'><strong>Bon.</strong></span> <span class='ocrx_word' id='word_1_5' title='bbox 761 123 815 183; x_wconf 76' lang='lat' dir='ltr'><strong>ar</strong></span> <span class='ocrx_word' id='word_1_6' title='bbox 835 112 957 184; x_wconf 69' lang='lat' dir='ltr'><strong>Mun·</strong></span> 
     </span>
    </p>
   </div>
   <div class='ocr_carea' id='block_1_2' title="bbox 101 227 1156 3512">
    <p class='ocr_par' dir='ltr' id='par_1_2' title="bbox 101 227 1156 3512">
     <span class='ocr_line' id='line_1_2' title="bbox 247 227 1118 311; baseline -0.005 -16"><span class='ocrx_word' id='word_1_7' title='bbox 247 237 296 306; x_wconf 90' lang='lat' dir='ltr'><strong>hi,</strong></span> <span class='ocrx_word' id='word_1_8' title='bbox 315 235 447 311; x_wconf 85' lang='lat' dir='ltr'><strong>inquam,</strong></span> <span class='ocrx_word' id='word_1_9' title='bbox 466 236 514 310; x_wconf 92' lang='lat' dir='ltr'><strong>qui</strong></span> <span class='ocrx_word' id='word_1_10' title='bbox 527 245 555 292; x_wconf 91' lang='lat' dir='ltr'><strong>te</strong></span> <span class='ocrx_word' id='word_1_11' title='bbox 567 232 596 291; x_wconf 88' lang='lat' dir='ltr'><strong>id</strong></span> <span class='ocrx_word' id='word_1_12' title='bbox 610 230 698 307; x_wconf 90' lang='lat' dir='ltr'><strong>ipsum</strong></span> <span class='ocrx_word' id='word_1_13' title='bbox 711 228 827 307; x_wconf 83' lang='lat' dir='ltr'><strong>rogari?</strong></span> <span class='ocrx_word' id='word_1_14' title='bbox 847 227 1118 306; x_wconf 81' lang='lat' dir='ltr'><strong>Tum&#39;Quintut&amp;</strong></span> 
     </span>
     <span class='ocr_line' id='line_1_3' title="bbox 248 304 1118 388; baseline -0.006 -18"><span class='ocrx_word' id='word_1_15' title='bbox 248 312 420 388; x_wconf 85' lang='lat' dir='ltr'>Pomponius</span> <span class='ocrx_word' id='word_1_16' title='bbox 433 310 497 370; x_wconf 84' lang='lat' dir='ltr'><strong>ciam</strong></span> <span class='ocrx_word' id='word_1_17' title='bbox 512 310 588 369; x_wconf 87' lang='lat' dir='ltr'><strong>idem</strong></span> <span class='ocrx_word' id='word_1_18' title='bbox 598 308 624 365; x_wconf 86' lang='lat' dir='ltr'><strong>se</strong></span> <span class='ocrx_word' id='word_1_19' title='bbox 639 308 710 367; x_wconf 83' lang='lat' dir='ltr'><strong>uelle</strong></span> <span class='ocrx_word' id='word_1_20' title='bbox 724 304 862 377; x_wconf 78' lang='lat' dir='ltr'><strong>dixissent,</strong></span> <span class='ocrx_word' id='word_1_21' title='bbox 875 306 941 365; x_wconf 93' lang='lat' dir='ltr'><strong>Piso</strong></span> <span class='ocrx_word' id='word_1_22' title='bbox 957 308 1074 367; x_wconf 81' lang='lat' dir='ltr'><strong>exorsus</strong></span> <span class='ocrx_word' id='word_1_23' title='bbox 1080 308 1118 367; x_wconf 88' lang='lat' dir='ltr'><strong>eil.</strong></span> 
     </span>
     <span class='ocr_line' id='line_1_4' title="bbox 247 382 1119 471; baseline -0.003 -25"><span class='ocrx_word' id='word_1_24' title='bbox 247 390 325 465; x_wconf 86' lang='lat' dir='ltr'><strong>cujus</strong></span> <span class='ocrx_word' id='word_1_25' title='bbox 344 390 458 458; x_wconf 87' lang='lat' dir='ltr'><strong>oratio,</strong></span> <span class='ocrx_word' id='word_1_26' title='bbox 478 386 589 445; x_wconf 79' lang='lat' dir='ltr'>attende</span> <span class='ocrx_word' id='word_1_27' title='bbox 609 382 728 471; x_wconf 74' lang='lat' dir='ltr'><strong>quaeso,</strong></span> <span class='ocrx_word' id='word_1_28' title='bbox 748 384 854 452; x_wconf 84' lang='lat' dir='ltr'><strong>Brute,</strong></span> <span class='ocrx_word' id='word_1_29' title='bbox 872 382 976 441; x_wconf 84' lang='lat' dir='ltr'><strong>satisne</strong></span> <span class='ocrx_word' id='word_1_30' title='bbox 996 384 1119 443; x_wconf 82' lang='lat' dir='ltr'><strong>videatur</strong></span> 
     </span>
     <span class='ocr_line' id='line_1_5' title="bbox 246 458 1118 539; baseline -0.002 -15"><span class='ocrx_word' id='word_1_31' title='bbox 246 463 381 524; x_wconf 83' lang='lat' dir='ltr'>Antiochi</span> <span class='ocrx_word' id='word_1_32' title='bbox 394 464 539 539; x_wconf 84' lang='lat' dir='ltr'><strong>complexa</strong></span> <span class='ocrx_word' id='word_1_33' title='bbox 551 460 605 521; x_wconf 87' lang='lat' dir='ltr'><strong>elie</strong></span> <span class='ocrx_word' id='word_1_34' title='bbox 618 461 794 519; x_wconf 85' lang='lat' dir='ltr'><strong>sententiam:</strong></span> <span class='ocrx_word' id='word_1_35' title='bbox 813 477 898 539; x_wconf 88' lang='lat' dir='ltr'><strong>quam</strong></span> <span class='ocrx_word' id='word_1_36' title='bbox 915 458 986 531; x_wconf 92' lang='lat' dir='ltr'><strong>tibi,</strong></span> <span class='ocrx_word' id='word_1_37' title='bbox 1008 462 1059 539; x_wconf 89' lang='lat' dir='ltr'><strong>qui</strong></span> <span class='ocrx_word' id='word_1_38' title='bbox 1072 462 1118 521; x_wconf 81' lang='lat' dir='ltr'><strong>sm·</strong></span> 
     </span>
     <span class='ocr_line' id='line_1_6' title="bbox 247 534 1117 675; baseline -0.002 -76"><span class='ocrx_word' id='word_1_39' title='bbox 247 554 320 675; x_wconf 57' lang='lat' dir='ltr'><strong>megi</strong></span> <span class='ocrx_word' id='word_1_40' title='bbox 334 542 392 617; x_wconf 84' lang='lat' dir='ltr'><strong>ejus</strong></span> <span class='ocrx_word' id='word_1_41' title='bbox 398 541 521 601; x_wconf 85' lang='lat' dir='ltr'><strong>Aristum</strong></span> <span class='ocrx_word' id='word_1_42' title='bbox 532 542 689 617; x_wconf 84' lang='lat' dir='ltr'><strong>frequenter</strong></span> <span class='ocrx_word' id='word_1_43' title='bbox 695 535 811 597; x_wconf 84' lang='lat' dir='ltr'><strong>audieris</strong></span> <span class='ocrx_word' id='word_1_44' title='bbox 820 534 962 608; x_wconf 66' lang='lat' dir='ltr'><strong>,aramme</strong></span> <span class='ocrx_word' id='word_1_45' title='bbox 975 539 1117 613; x_wconf 82' lang='lat' dir='ltr'><strong>probatam</strong></span> 
     </span>
     <span class='ocr_line' id='line_1_7' title="bbox 247 634 382 677; baseline 0.007 -1"><span class='ocrx_word' id='word_1_46' title='bbox 247 634 289 676; x_wconf 85' lang='lat' dir='ltr'><strong>carr</strong></span> <span class='ocrx_word' id='word_1_47' title='bbox 314 635 382 677; x_wconf 90' lang='lat' dir='ltr'><strong>rmo.</strong></span> 
     </span>
     <span class='ocr_line' id='line_1_8' title="bbox 224 692 1116 785; baseline -0.001 -32"><span class='ocrx_word' id='word_1_48' title='bbox 224 727 244 785; x_wconf 83' lang='lat'>9</span> <span class='ocrx_word' id='word_1_49' title='bbox 287 695 422 753; x_wconf 78' lang='lat' dir='ltr'><strong>lv.81c</strong></span> <span class='ocrx_word' id='word_1_50' title='bbox 444 711 511 752; x_wconf 78' lang='lat' dir='ltr'><strong>aar</strong></span> <span class='ocrx_word' id='word_1_51' title='bbox 533 692 614 768; x_wconf 85' lang='lat' dir='ltr'><strong>igitur</strong></span> <span class='ocrx_word' id='word_1_52' title='bbox 637 694 754 752; x_wconf 83' lang='lat' dir='ltr'><strong>locutus.</strong></span> <span class='ocrx_word' id='word_1_53' title='bbox 796 694 928 766; x_wconf 82' lang='lat' dir='ltr'><strong>Quantus</strong></span> <span class='ocrx_word' id='word_1_54' title='bbox 957 692 1116 751; x_wconf 86' lang='lat' dir='ltr'><strong>ornatutia</strong></span> 
     </span>
     <span class='ocr_line' id='line_1_9' title="bbox 249 766 1114 846; baseline -0.002 -17"><span class='ocrx_word' id='word_1_55' title='bbox 249 772 490 846; x_wconf 81' lang='lat' dir='ltr'><strong>Peripateticorum</strong></span> <span class='ocrx_word' id='word_1_56' title='bbox 504 767 637 844; x_wconf 81' lang='lat' dir='ltr'><strong>disciplina</strong></span> <span class='ocrx_word' id='word_1_57' title='bbox 651 768 683 827; x_wconf 84' lang='lat' dir='ltr'><strong>sat</strong></span> <span class='ocrx_word' id='word_1_58' title='bbox 708 768 766 827; x_wconf 87' lang='lat' dir='ltr'><strong>satis</strong></span> <span class='ocrx_word' id='word_1_59' title='bbox 781 766 848 827; x_wconf 81' lang='lat' dir='ltr'><strong>esti</strong></span> <span class='ocrx_word' id='word_1_60' title='bbox 863 784 933 835; x_wconf 89' lang='lat' dir='ltr'><strong>me,</strong></span> <span class='ocrx_word' id='word_1_61' title='bbox 953 780 989 827; x_wconf 93' lang='lat' dir='ltr'><strong>ur</strong></span> <span class='ocrx_word' id='word_1_62' title='bbox 1002 766 1114 827; x_wconf 84' lang='lat' dir='ltr'><strong>breriffi-</strong></span> 
     </span>
     <span class='ocr_line' id='line_1_10' title="bbox 252 842 1115 922; baseline 0 -17"><span class='ocrx_word' id='word_1_63' title='bbox 252 846 299 905; x_wconf 90' lang='lat' dir='ltr'><strong>m&#39;e</strong></span> <span class='ocrx_word' id='word_1_64' title='bbox 313 849 406 922; x_wconf 88' lang='lat' dir='ltr'><strong>potui,</strong></span> <span class='ocrx_word' id='word_1_65' title='bbox 426 848 517 922; x_wconf 88' lang='lat' dir='ltr'><strong>paullo</strong></span> <span class='ocrx_word' id='word_1_66' title='bbox 529 844 593 903; x_wconf 72' lang='lat' dir='ltr'><strong>ant‘e</strong></span> <span class='ocrx_word' id='word_1_67' title='bbox 608 845 723 903; x_wconf 79' lang='lat' dir='ltr'><strong>dietum.</strong></span> <span class='ocrx_word' id='word_1_68' title='bbox 742 844 795 903; x_wconf 91' lang='lat' dir='ltr'><strong>Sed</strong></span> <span class='ocrx_word' id='word_1_69' title='bbox 809 842 847 902; x_wconf 89' lang='lat' dir='ltr'><strong>est</strong></span> <span class='ocrx_word' id='word_1_70' title='bbox 861 845 956 903; x_wconf 88' lang='lat' dir='ltr'><strong>forma</strong></span> <span class='ocrx_word' id='word_1_71' title='bbox 971 844 1036 921; x_wconf 83' lang='lat' dir='ltr'><strong>ejus</strong></span> <span class='ocrx_word' id='word_1_72' title='bbox 1047 844 1115 905; x_wconf 81' lang='lat' dir='ltr'><strong>disd-</strong></span> 
     </span>
     <span class='ocr_line' id='line_1_11' title="bbox 247 918 1112 997; baseline -0.002 -16"><span class='ocrx_word' id='word_1_73' title='bbox 247 924 349 997; x_wconf 85' lang='lat' dir='ltr'><strong>plinae,</strong></span> <span class='ocrx_word' id='word_1_74' title='bbox 369 922 436 981; x_wconf 83' lang='lat' dir='ltr'><strong>sicut</strong></span> <span class='ocrx_word' id='word_1_75' title='bbox 459 922 515 981; x_wconf 80' lang='lat' dir='ltr'><strong>fere</strong></span> <span class='ocrx_word' id='word_1_76' title='bbox 537 935 712 989; x_wconf 82' lang='lat' dir='ltr'><strong>ceterarum,</strong></span> <span class='ocrx_word' id='word_1_77' title='bbox 744 918 851 995; x_wconf 87' lang='lat' dir='ltr'><strong>triplex.</strong></span> <span class='ocrx_word' id='word_1_78' title='bbox 896 936 955 979; x_wconf 77' lang='lat' dir='ltr'><strong>una</strong></span> <span class='ocrx_word' id='word_1_79' title='bbox 985 938 1051 997; x_wconf 86' lang='lat' dir='ltr'><strong>part</strong></span> <span class='ocrx_word' id='word_1_80' title='bbox 1079 920 1112 979; x_wconf 73' lang='lat' dir='ltr'><strong>ai</strong></span> 
     </span>
     <span class='ocr_line' id='line_1_12' title="bbox 101 996 1110 1069; baseline -0.002 -12"><span class='ocrx_word' id='word_1_81' title='bbox 101 1020 221 1069; x_wconf 60' lang='lat' dir='ltr'><strong>numm</strong></span> <span class='ocrx_word' id='word_1_82' title='bbox 248 1002 386 1057; x_wconf 67' lang='lat' dir='ltr'><strong>¹‘naturae</strong></span> <span class='ocrx_word' id='word_1_83' title='bbox 406 996 548 1057; x_wconf 85' lang='lat' dir='ltr'><strong>disserendi</strong></span> <span class='ocrx_word' id='word_1_84' title='bbox 572 998 677 1056; x_wconf 85' lang='lat' dir='ltr'><strong>altera:</strong></span> <span class='ocrx_word' id='word_1_85' title='bbox 707 997 817 1055; x_wconf 80' lang='lat' dir='ltr'><strong>vivendi</strong></span> <span class='ocrx_word' id='word_1_86' title='bbox 842 999 935 1056; x_wconf 78' lang='lat' dir='ltr'><strong>tertia.</strong></span> <span class='ocrx_word' id='word_1_87' title='bbox 970 996 1110 1058; x_wconf 81' lang='lat' dir='ltr'><strong>naturaie</strong></span> 
     </span>
     <span class='ocr_line' id='line_1_13' title="bbox 101 1072 1112 1150; baseline 0 -19"><span class='ocrx_word' id='word_1_88' title='bbox 101 1085 178 1133; x_wconf 68' lang='lat' dir='ltr'><strong>urat.</strong></span> <span class='ocrx_word' id='word_1_89' title='bbox 250 1076 284 1135; x_wconf 93' lang='lat' dir='ltr'><strong>ab</strong></span> <span class='ocrx_word' id='word_1_90' title='bbox 300 1076 329 1133; x_wconf 89' lang='lat' dir='ltr'><strong>iis</strong></span> <span class='ocrx_word' id='word_1_91' title='bbox 343 1076 498 1150; x_wconf 80' lang='lat' dir='ltr'><strong>investigata</strong></span> <span class='ocrx_word' id='word_1_92' title='bbox 512 1074 566 1142; x_wconf 89' lang='lat' dir='ltr'><strong>est,</strong></span> <span class='ocrx_word' id='word_1_93' title='bbox 585 1087 616 1131; x_wconf 90' lang='lat' dir='ltr'><strong>ur</strong></span> <span class='ocrx_word' id='word_1_94' title='bbox 636 1074 708 1132; x_wconf 92' lang='lat' dir='ltr'><strong>nulla</strong></span> <span class='ocrx_word' id='word_1_95' title='bbox 728 1090 788 1147; x_wconf 89' lang='lat' dir='ltr'><strong>pars</strong></span> <span class='ocrx_word' id='word_1_96' title='bbox 808 1072 905 1139; x_wconf 83' lang='lat' dir='ltr'><strong>caelo,</strong></span> <span class='ocrx_word' id='word_1_97' title='bbox 927 1076 1000 1134; x_wconf 90' lang='lat' dir='ltr'><strong>mari</strong></span> <span class='ocrx_word' id='word_1_98' title='bbox 1023 1074 1112 1144; x_wconf 85' lang='lat' dir='ltr'><strong>,teni</strong></span> 
     </span>
     <span class='ocr_line' id='line_1_14' title="bbox 252 1146 1156 1227; baseline -0.001 -17"><span class='ocrx_word' id='word_1_99' title='bbox 252 1156 296 1223; x_wconf 89' lang='lat' dir='ltr'><strong>(ut</strong></span> <span class='ocrx_word' id='word_1_100' title='bbox 310 1152 420 1226; x_wconf 78' lang='lat' dir='ltr'><strong>pu&#39;e&#39;tice</strong></span> <span class='ocrx_word' id='word_1_101' title='bbox 433 1152 548 1227; x_wconf 89' lang='lat' dir='ltr'><strong>loquar)</strong></span> <span class='ocrx_word' id='word_1_102' title='bbox 568 1146 741 1225; x_wconf 83' lang='lat' dir='ltr'><strong>praetermissa</strong></span> <span class='ocrx_word' id='word_1_103' title='bbox 762 1150 803 1210; x_wconf 86' lang='lat' dir='ltr'><strong>stt.</strong></span> <span class='ocrx_word' id='word_1_104' title='bbox 840 1150 1036 1224; x_wconf 89' lang='lat' dir='ltr'><strong>Quinetiam,</strong></span> <span class='ocrx_word' id='word_1_105' title='bbox 1054 1149 1111 1209; x_wconf 85' lang='lat' dir='ltr'><strong>cina</strong></span> <span class='ocrx_word' id='word_1_106' title='bbox 1153 1175 1156 1182; x_wconf 95' lang='lat'>·</span> 
     </span>
     <span class='ocr_line' id='line_1_15' title="bbox 140 1217 1156 1302; baseline -0.001 -12"><span class='ocrx_word' id='word_1_107' title='bbox 140 1244 166 1290; x_wconf 76' lang='grc' dir='ltr'><strong>ι’.</strong></span> <span class='ocrx_word' id='word_1_108' title='bbox 182 1244 208 1290; x_wconf 78' lang='grc' dir='ltr'><strong>Β.</strong></span> <span class='ocrx_word' id='word_1_109' title='bbox 250 1229 286 1287; x_wconf 87' lang='lat' dir='ltr'><strong>de</strong></span> <span class='ocrx_word' id='word_1_110' title='bbox 302 1246 392 1287; x_wconf 89' lang='lat' dir='ltr'><strong>rerum</strong></span> <span class='ocrx_word' id='word_1_111' title='bbox 416 1228 496 1287; x_wconf 81' lang='lat' dir='ltr'><strong>initiis</strong></span> <span class='ocrx_word' id='word_1_112' title='bbox 523 1229 657 1302; x_wconf 91' lang='lat' dir='ltr'><strong>omnique</strong></span> <span class='ocrx_word' id='word_1_113' title='bbox 673 1226 780 1285; x_wconf 90' lang='lat' dir='ltr'><strong>mundo</strong></span> <span class='ocrx_word' id='word_1_114' title='bbox 791 1226 878 1285; x_wconf 90' lang='lat' dir='ltr'><strong>locuti</strong></span> <span class='ocrx_word' id='word_1_115' title='bbox 892 1222 1111 1299; x_wconf 66' lang='lat' dir='ltr'><strong>effemmrnut</strong></span> <span class='ocrx_word' id='word_1_116' title='bbox 1153 1217 1156 1290; x_wconf 80' lang='lat' dir='ltr'><strong>i</strong></span> 
     </span>
     <span class='ocr_line' id='line_1_16' title="bbox 246 1291 1156 1394; baseline -0.003 -31"><span class='ocrx_word' id='word_1_117' title='bbox 246 1317 275 1363; x_wconf 88' lang='lat' dir='ltr'><strong>ta</strong></span> <span class='ocrx_word' id='word_1_118' title='bbox 288 1322 346 1361; x_wconf 90' lang='lat' dir='ltr'><strong>non</strong></span> <span class='ocrx_word' id='word_1_119' title='bbox 362 1304 450 1363; x_wconf 83' lang='lat' dir='ltr'><strong>modia</strong></span> <span class='ocrx_word' id='word_1_120' title='bbox 464 1303 594 1380; x_wconf 90' lang='lat' dir='ltr'><strong>probabili</strong></span> <span class='ocrx_word' id='word_1_121' title='bbox 615 1304 875 1378; x_wconf 77' lang='lat' dir='ltr'><strong>argumentatione,</strong></span> <span class='ocrx_word' id='word_1_122' title='bbox 902 1301 951 1361; x_wconf 90' lang='lat' dir='ltr'><strong>sed</strong></span> <span class='ocrx_word' id='word_1_123' title='bbox 969 1304 1056 1363; x_wconf 81' lang='lat' dir='ltr'><strong>etiam</strong></span> <span class='ocrx_word' id='word_1_124' title='bbox 1069 1320 1112 1362; x_wconf 85' lang='lat' dir='ltr'><strong>ne·</strong></span> <span class='ocrx_word' id='word_1_125' title='bbox 1153 1291 1156 1394; x_wconf 65' lang='lat' dir='ltr'><strong>i</strong></span> 
     </span>
     <span class='ocr_line' id='line_1_17' title="bbox 250 1377 1155 1440; baseline 0.001 -1"><span class='ocrx_word' id='word_1_126' title='bbox 250 1378 356 1439; x_wconf 80' lang='lat' dir='ltr'><strong>cellaria</strong></span> <span class='ocrx_word' id='word_1_127' title='bbox 379 1382 637 1439; x_wconf 83' lang='lat' dir='ltr'><strong>mathematicorum</strong></span> <span class='ocrx_word' id='word_1_128' title='bbox 660 1379 765 1438; x_wconf 83' lang='lat' dir='ltr'><strong>ratione</strong></span> <span class='ocrx_word' id='word_1_129' title='bbox 787 1377 1013 1439; x_wconf 83' lang='lat' dir='ltr'><strong>concluderent:</strong></span> <span class='ocrx_word' id='word_1_130' title='bbox 1033 1378 1112 1439; x_wconf 84' lang='lat' dir='ltr'><strong>maxi·</strong></span> <span class='ocrx_word' id='word_1_131' title='bbox 1153 1401 1155 1440; x_wconf 85' lang='grc' dir='ltr'>ι</span> 
     </span>
     <span class='ocr_line' id='line_1_18' title="bbox 249 1454 1155 1538; baseline 0.003 -23"><span class='ocrx_word' id='word_1_132' title='bbox 249 1475 325 1515; x_wconf 78' lang='lat' dir='ltr'><strong>tunm</strong></span> <span class='ocrx_word' id='word_1_133' title='bbox 342 1458 483 1516; x_wconf 82' lang='lat' dir='ltr'><strong>materiam</strong></span> <span class='ocrx_word' id='word_1_134' title='bbox 499 1474 534 1514; x_wconf 83' lang='lat' dir='ltr'><strong>ex</strong></span> <span class='ocrx_word' id='word_1_135' title='bbox 547 1456 624 1514; x_wconf 89' lang='lat' dir='ltr'><strong>rebus</strong></span> <span class='ocrx_word' id='word_1_136' title='bbox 639 1474 687 1529; x_wconf 93' lang='lat' dir='ltr'><strong>per</strong></span> <span class='ocrx_word' id='word_1_137' title='bbox 700 1456 726 1513; x_wconf 91' lang='lat' dir='ltr'><strong>sc</strong></span> <span class='ocrx_word' id='word_1_138' title='bbox 740 1454 903 1538; x_wconf 81' lang='lat' dir='ltr'><strong>intelligaris</strong></span> <span class='ocrx_word' id='word_1_139' title='bbox 917 1454 953 1515; x_wconf 82' lang='lat' dir='ltr'><strong>ad</strong></span> <span class='ocrx_word' id='word_1_140' title='bbox 966 1472 1061 1517; x_wconf 87' lang='lat' dir='ltr'><strong>rerum</strong></span> <span class='ocrx_word' id='word_1_141' title='bbox 1067 1472 1111 1517; x_wconf 85' lang='lat' dir='ltr'><strong>oc·</strong></span> <span class='ocrx_word' id='word_1_142' title='bbox 1153 1519 1155 1532; x_wconf 71' lang='grc'>,</span> 
     </span>
     <span class='ocr_line' id='line_1_19' title="bbox 247 1532 1155 1609; baseline -0.007 -16"><span class='ocrx_word' id='word_1_143' title='bbox 247 1534 379 1593; x_wconf 88' lang='lat' dir='ltr'><strong>cultarum</strong></span> <span class='ocrx_word' id='word_1_144' title='bbox 396 1534 585 1609; x_wconf 82' lang='lat' dir='ltr'><strong>cognitionem</strong></span> <span class='ocrx_word' id='word_1_145' title='bbox 598 1532 752 1590; x_wconf 88' lang='lat' dir='ltr'><strong>attulerunt.</strong></span> <span class='ocrx_word' id='word_1_146' title='bbox 1153 1535 1155 1568; x_wconf 74' lang='lat'>⁵</span> 
     </span>
     <span class='ocr_line' id='line_1_20' title="bbox 205 1608 1108 1681; baseline 0.001 -12"><span class='ocrx_word' id='word_1_147' title='bbox 205 1638 241 1681; x_wconf 84' lang='lat'><strong>10</strong></span> <span class='ocrx_word' id='word_1_148' title='bbox 287 1610 443 1669; x_wconf 84' lang='lat' dir='ltr'><strong>Persecutus</strong></span> <span class='ocrx_word' id='word_1_149' title='bbox 458 1610 495 1669; x_wconf 83' lang='lat' dir='ltr'><strong>est</strong></span> <span class='ocrx_word' id='word_1_150' title='bbox 505 1608 662 1667; x_wconf 81' lang='lat' dir='ltr'><strong>Aristoteles</strong></span> <span class='ocrx_word' id='word_1_151' title='bbox 676 1608 856 1666; x_wconf 89' lang='lat' dir='ltr'><strong>animantium</strong></span> <span class='ocrx_word' id='word_1_152' title='bbox 873 1610 1008 1669; x_wconf 89' lang='lat' dir='ltr'><strong>omnium</strong></span> <span class='ocrx_word' id='word_1_153' title='bbox 1025 1619 1108 1677; x_wconf 84' lang='lat' dir='ltr'><strong>ottus,</strong></span> 
     </span>
     <span class='ocr_line' id='line_1_21' title="bbox 249 1683 1110 1761; baseline 0 -15"><span class='ocrx_word' id='word_1_154' title='bbox 249 1686 336 1746; x_wconf 72' lang='lat' dir='ltr'><strong>riuus</strong></span> <span class='ocrx_word' id='word_1_155' title='bbox 352 1729 360 1754; x_wconf 95' lang='lat'><strong>,</strong></span> <span class='ocrx_word' id='word_1_156' title='bbox 379 1684 485 1761; x_wconf 79' lang='lat' dir='ltr'><strong>figurat.</strong></span> <span class='ocrx_word' id='word_1_157' title='bbox 522 1684 727 1760; x_wconf 78' lang='lat' dir='ltr'><strong>Theophrastus</strong></span> <span class='ocrx_word' id='word_1_158' title='bbox 741 1696 834 1743; x_wconf 87' lang='lat' dir='ltr'><strong>autem</strong></span> <span class='ocrx_word' id='word_1_159' title='bbox 854 1683 980 1761; x_wconf 88' lang='lat' dir='ltr'><strong>stirpium</strong></span> <span class='ocrx_word' id='word_1_160' title='bbox 1009 1698 1110 1745; x_wconf 81' lang='lat' dir='ltr'><strong>naturas</strong></span> 
     </span>
     <span class='ocr_line' id='line_1_22' title="bbox 250 1759 1109 1839; baseline -0.001 -17"><span class='ocrx_word' id='word_1_161' title='bbox 250 1764 434 1839; x_wconf 88' lang='lat' dir='ltr'><strong>omniumque</strong></span> <span class='ocrx_word' id='word_1_162' title='bbox 450 1760 507 1821; x_wconf 73' lang='lat' dir='ltr'><strong>fere</strong></span> <span class='ocrx_word' id='word_1_163' title='bbox 522 1779 629 1831; x_wconf 89' lang='lat' dir='ltr'><strong>rerum,</strong></span> <span class='ocrx_word' id='word_1_164' title='bbox 647 1779 712 1837; x_wconf 86' lang='lat' dir='ltr'><strong>quae</strong></span> <span class='ocrx_word' id='word_1_165' title='bbox 726 1759 742 1819; x_wconf 77' lang='grc' dir='ltr'>ὲ</span> <span class='ocrx_word' id='word_1_166' title='bbox 754 1771 824 1820; x_wconf 90' lang='lat' dir='ltr'><strong>terra</strong></span> <span class='ocrx_word' id='word_1_167' title='bbox 835 1761 1029 1837; x_wconf 82' lang='lat' dir='ltr'><strong>gignerentur,</strong></span> <span class='ocrx_word' id='word_1_168' title='bbox 1048 1779 1109 1821; x_wconf 89' lang='lat' dir='ltr'><strong>cau·</strong></span> 
     </span>
     <span class='ocr_line' id='line_1_23' title="bbox 249 1836 1109 1917; baseline 0.002 -21"><span class='ocrx_word' id='word_1_169' title='bbox 249 1838 288 1897; x_wconf 87' lang='lat' dir='ltr'><strong>sas</strong></span> <span class='ocrx_word' id='word_1_170' title='bbox 319 1853 401 1917; x_wconf 89' lang='lat' dir='ltr'><strong>atque</strong></span> <span class='ocrx_word' id='word_1_171' title='bbox 422 1840 548 1899; x_wconf 89' lang='lat' dir='ltr'><strong>rationes.</strong></span> <span class='ocrx_word' id='word_1_172' title='bbox 584 1854 640 1915; x_wconf 90' lang='lat' dir='ltr'><strong>qua</strong></span> <span class='ocrx_word' id='word_1_173' title='bbox 653 1855 689 1897; x_wconf 81' lang='lat' dir='ltr'><strong>ex</strong></span> <span class='ocrx_word' id='word_1_174' title='bbox 704 1836 863 1913; x_wconf 83' lang='lat' dir='ltr'><strong>cognitione</strong></span> <span class='ocrx_word' id='word_1_175' title='bbox 877 1838 987 1899; x_wconf 85' lang='lat' dir='ltr'><strong>facilior</strong></span> <span class='ocrx_word' id='word_1_176' title='bbox 1000 1838 1109 1898; x_wconf 73' lang='lat' dir='ltr'><strong>rameii</strong></span> 
     </span>
     <span class='ocr_line' id='line_1_24' title="bbox 249 1912 1112 2051; baseline -0.002 -76"><span class='ocrx_word' id='word_1_177' title='bbox 249 1916 419 1991; x_wconf 83' lang='lat' dir='ltr'><strong>investigatio</strong></span> <span class='ocrx_word' id='word_1_178' title='bbox 445 1932 536 1975; x_wconf 91' lang='lat' dir='ltr'><strong>rerum</strong></span> <span class='ocrx_word' id='word_1_179' title='bbox 567 1914 829 1974; x_wconf 88' lang='lat' dir='ltr'><strong>occultisfimarum:</strong></span> <span class='ocrx_word' id='word_1_180' title='bbox 856 1912 1057 2051; x_wconf 40' lang='lat' dir='ltr'><strong>disserenditpue</strong></span> <span class='ocrx_word' id='word_1_181' title='bbox 1080 1912 1112 1973; x_wconf 85' lang='lat' dir='ltr'><strong>ab</strong></span> 
     </span>
     <span class='ocr_line' id='line_1_25' title="bbox 101 1989 1115 2067; baseline 0 -18"><span class='ocrx_word' id='word_1_182' title='bbox 101 2010 225 2059; x_wconf 74' lang='lat' dir='ltr'><strong>lumnam</strong></span> <span class='ocrx_word' id='word_1_183' title='bbox 250 1992 346 2051; x_wconf 91' lang='lat' dir='ltr'><strong>iisdem</strong></span> <span class='ocrx_word' id='word_1_184' title='bbox 359 1992 431 2051; x_wconf 91' lang='lat' dir='ltr'><strong>¹non</strong></span> <span class='ocrx_word' id='word_1_185' title='bbox 445 1990 583 2051; x_wconf 73' lang='lat' dir='ltr'><strong>dialectice</strong></span> <span class='ocrx_word' id='word_1_186' title='bbox 602 1990 689 2050; x_wconf 81' lang='lat' dir='ltr'><strong>sullam</strong></span> <span class='ocrx_word' id='word_1_187' title='bbox 705 2033 713 2059; x_wconf 94' lang='lat'><strong>,</strong></span> <span class='ocrx_word' id='word_1_188' title='bbox 732 1989 777 2049; x_wconf 89' lang='lat' dir='ltr'><strong>sed</strong></span> <span class='ocrx_word' id='word_1_189' title='bbox 797 1991 880 2049; x_wconf 89' lang='lat' dir='ltr'><strong>etiam</strong></span> <span class='ocrx_word' id='word_1_190' title='bbox 903 1992 1011 2051; x_wconf 89' lang='lat' dir='ltr'><strong>oratori</strong></span> <span class='ocrx_word' id='word_1_191' title='bbox 1047 2005 1115 2067; x_wconf 80' lang='lat' dir='ltr'><strong>prae·</strong></span> 
     </span>
     <span class='ocr_line' id='line_1_26' title="bbox 101 2066 1115 2144; baseline 0.006 -23"><span class='ocrx_word' id='word_1_192' title='bbox 101 2076 228 2125; x_wconf 77' lang='lat' dir='ltr'><strong>noncrar.</strong></span> <span class='ocrx_word' id='word_1_193' title='bbox 250 2084 328 2144; x_wconf 89' lang='lat' dir='ltr'><strong>cepta</strong></span> <span class='ocrx_word' id='word_1_194' title='bbox 340 2070 402 2129; x_wconf 90' lang='lat' dir='ltr'><strong>sunt</strong></span> <span class='ocrx_word' id='word_1_195' title='bbox 415 2068 526 2127; x_wconf 88' lang='lat' dir='ltr'><strong>tradita:</strong></span> <span class='ocrx_word' id='word_1_196' title='bbox 546 2068 581 2126; x_wconf 92' lang='lat' dir='ltr'><strong>ab</strong></span> <span class='ocrx_word' id='word_1_197' title='bbox 594 2066 793 2141; x_wconf 87' lang='lat' dir='ltr'><strong>Aristoteleque</strong></span> <span class='ocrx_word' id='word_1_198' title='bbox 816 2068 940 2143; x_wconf 85' lang='lat' dir='ltr'><strong>prhrcipe</strong></span> <span class='ocrx_word' id='word_1_199' title='bbox 960 2066 1034 2127; x_wconf 87' lang='lat' dir='ltr'><strong>defi</strong></span> <span class='ocrx_word' id='word_1_200' title='bbox 1072 2068 1115 2127; x_wconf 85' lang='lat' dir='ltr'><strong>utis</strong></span> 
     </span>
     <span class='ocr_line' id='line_1_27' title="bbox 250 2143 1115 2221; baseline -0.001 -16"><span class='ocrx_word' id='word_1_201' title='bbox 250 2147 368 2205; x_wconf 85' lang='lat' dir='ltr'><strong>rebusin</strong></span> <span class='ocrx_word' id='word_1_202' title='bbox 381 2155 642 2221; x_wconf 83' lang='lat' dir='ltr'><strong>utramquepartem</strong></span> <span class='ocrx_word' id='word_1_203' title='bbox 657 2143 766 2203; x_wconf 89' lang='lat' dir='ltr'><strong>dicendi</strong></span> <span class='ocrx_word' id='word_1_204' title='bbox 780 2144 941 2203; x_wconf 85' lang='lat' dir='ltr'><strong>exercitatio</strong></span> <span class='ocrx_word' id='word_1_205' title='bbox 962 2143 1003 2203; x_wconf 87' lang='lat' dir='ltr'><strong>est</strong></span> <span class='ocrx_word' id='word_1_206' title='bbox 1017 2144 1045 2203; x_wconf 92' lang='lat' dir='ltr'><strong>in</strong></span> <span class='ocrx_word' id='word_1_207' title='bbox 1069 2145 1115 2203; x_wconf 87' lang='lat' dir='ltr'><strong>&#39;tu-</strong></span> 
     </span>
     <span class='ocr_line' id='line_1_28' title="bbox 251 2217 1116 2295; baseline 0 -16"><span class='ocrx_word' id='word_1_208' title='bbox 251 2233 302 2290; x_wconf 89' lang='lat' dir='ltr'><strong>ta,</strong></span> <span class='ocrx_word' id='word_1_209' title='bbox 321 2233 353 2281; x_wconf 92' lang='lat' dir='ltr'><strong>ut</strong></span> <span class='ocrx_word' id='word_1_210' title='bbox 366 2238 425 2279; x_wconf 86' lang='lat' dir='ltr'><strong>non</strong></span> <span class='ocrx_word' id='word_1_211' title='bbox 439 2233 533 2279; x_wconf 90' lang='lat' dir='ltr'><strong>contra</strong></span> <span class='ocrx_word' id='word_1_212' title='bbox 548 2222 644 2279; x_wconf 91' lang='lat' dir='ltr'><strong>omnia</strong></span> <span class='ocrx_word' id='word_1_213' title='bbox 663 2219 792 2295; x_wconf 88' lang='lat' dir='ltr'><strong>semper,</strong></span> <span class='ocrx_word' id='word_1_214' title='bbox 816 2217 884 2278; x_wconf 81' lang='lat' dir='ltr'><strong>sicut</strong></span> <span class='ocrx_word' id='word_1_215' title='bbox 905 2219 1061 2289; x_wconf 84' lang='lat' dir='ltr'><strong>Areefitas,</strong></span> <span class='ocrx_word' id='word_1_216' title='bbox 1079 2220 1116 2279; x_wconf 88' lang='lat' dir='ltr'><strong>di·</strong></span> 
     </span>
     <span class='ocr_line' id='line_1_29' title="bbox 250 2295 1117 2376; baseline 0 -21"><span class='ocrx_word' id='word_1_217' title='bbox 250 2310 349 2367; x_wconf 80' lang='lat' dir='ltr'><strong>cerer,</strong></span> <span class='ocrx_word' id='word_1_218' title='bbox 369 2298 398 2355; x_wconf 92' lang='lat'>&amp;</span> <span class='ocrx_word' id='word_1_219' title='bbox 415 2309 534 2366; x_wconf 90' lang='lat' dir='ltr'><strong>tamen,</strong></span> <span class='ocrx_word' id='word_1_220' title='bbox 553 2308 583 2353; x_wconf 90' lang='lat' dir='ltr'><strong>ut</strong></span> <span class='ocrx_word' id='word_1_221' title='bbox 604 2298 632 2354; x_wconf 90' lang='lat' dir='ltr'><strong>in</strong></span> <span class='ocrx_word' id='word_1_222' title='bbox 656 2295 783 2354; x_wconf 83' lang='lat' dir='ltr'><strong>omnibus</strong></span> <span class='ocrx_word' id='word_1_223' title='bbox 808 2296 912 2367; x_wconf 85' lang='lat' dir='ltr'><strong>rebus,</strong></span> <span class='ocrx_word' id='word_1_224' title='bbox 935 2296 1073 2376; x_wconf 86' lang='lat' dir='ltr'><strong>quidquid</strong></span> <span class='ocrx_word' id='word_1_225' title='bbox 1085 2314 1117 2355; x_wconf 87' lang='lat' dir='ltr'><strong>er</strong></span> 
     </span>
     <span class='ocr_line' id='line_1_30' title="bbox 251 2369 855 2448; baseline 0 -17"><span class='ocrx_word' id='word_1_226' title='bbox 251 2388 366 2447; x_wconf 80' lang='lat' dir='ltr'><strong>utraque</strong></span> <span class='ocrx_word' id='word_1_227' title='bbox 382 2384 456 2448; x_wconf 89' lang='lat' dir='ltr'><strong>parte</strong></span> <span class='ocrx_word' id='word_1_228' title='bbox 467 2372 520 2432; x_wconf 90' lang='lat' dir='ltr'><strong>dici</strong></span> <span class='ocrx_word' id='word_1_229' title='bbox 534 2369 638 2445; x_wconf 85' lang='lat' dir='ltr'><strong>pollet,</strong></span> <span class='ocrx_word' id='word_1_230' title='bbox 657 2384 855 2448; x_wconf 72' lang='lat' dir='ltr'><strong>expromeret·</strong></span> 
     </span>
     <span class='ocr_line' id='line_1_31' title="bbox 207 2448 1118 2529; baseline 0.002 -22"><span class='ocrx_word' id='word_1_231' title='bbox 207 2481 239 2525; x_wconf 87' lang='lat' dir='ltr'><strong>tt</strong></span> <span class='ocrx_word' id='word_1_232' title='bbox 291 2450 364 2509; x_wconf 85' lang='lat' dir='ltr'><strong>Ciam</strong></span> <span class='ocrx_word' id='word_1_233' title='bbox 380 2463 472 2507; x_wconf 89' lang='lat' dir='ltr'><strong>autern</strong></span> <span class='ocrx_word' id='word_1_234' title='bbox 485 2450 564 2507; x_wconf 90' lang='lat' dir='ltr'><strong>tertia</strong></span> <span class='ocrx_word' id='word_1_235' title='bbox 578 2466 636 2524; x_wconf 91' lang='lat' dir='ltr'><strong>pars</strong></span> <span class='ocrx_word' id='word_1_236' title='bbox 648 2450 719 2507; x_wconf 88' lang='lat' dir='ltr'><strong>bene</strong></span> <span class='ocrx_word' id='word_1_237' title='bbox 734 2448 844 2505; x_wconf 81' lang='lat' dir='ltr'><strong>vivendi</strong></span> <span class='ocrx_word' id='word_1_238' title='bbox 858 2462 1000 2526; x_wconf 76' lang='lat' dir='ltr'><strong>praecepta</strong></span> <span class='ocrx_word' id='word_1_239' title='bbox 1014 2468 1118 2529; x_wconf 79' lang='lat' dir='ltr'><strong>quaere·</strong></span> 
     </span>
     <span class='ocr_line' id='line_1_32' title="bbox 251 2522 1118 2603; baseline 0.002 -18"><span class='ocrx_word' id='word_1_240' title='bbox 251 2540 293 2585; x_wconf 88' lang='lat' dir='ltr'><strong>ret</strong></span> <span class='ocrx_word' id='word_1_241' title='bbox 309 2569 317 2594; x_wconf 94' lang='lat'><strong>,</strong></span> <span class='ocrx_word' id='word_1_242' title='bbox 338 2544 370 2584; x_wconf 87' lang='lat' dir='ltr'><strong>ea</strong></span> <span class='ocrx_word' id='word_1_243' title='bbox 384 2542 496 2602; x_wconf 92' lang='lat' dir='ltr'><strong>quoque</strong></span> <span class='ocrx_word' id='word_1_244' title='bbox 512 2526 550 2584; x_wconf 90' lang='lat' dir='ltr'><strong>est</strong></span> <span class='ocrx_word' id='word_1_245' title='bbox 562 2528 596 2582; x_wconf 88' lang='lat' dir='ltr'><strong>ab</strong></span> <span class='ocrx_word' id='word_1_246' title='bbox 608 2524 703 2583; x_wconf 88' lang='lat' dir='ltr'><strong>iisdem</strong></span> <span class='ocrx_word' id='word_1_247' title='bbox 718 2542 776 2582; x_wconf 92' lang='lat' dir='ltr'><strong>non</strong></span> <span class='ocrx_word' id='word_1_248' title='bbox 792 2522 878 2584; x_wconf 83' lang='lat' dir='ltr'><strong>solima</strong></span> <span class='ocrx_word' id='word_1_249' title='bbox 892 2526 927 2585; x_wconf 85' lang='lat' dir='ltr'><strong>ad</strong></span> <span class='ocrx_word' id='word_1_250' title='bbox 943 2528 1061 2603; x_wconf 87' lang='lat' dir='ltr'><strong>privatae</strong></span> <span class='ocrx_word' id='word_1_251' title='bbox 1079 2528 1118 2587; x_wconf 81' lang='lat' dir='ltr'><strong>vi-</strong></span> 
     </span>
     <span class='ocr_line' id='line_1_33' title="bbox 250 2600 1117 2676; baseline 0.005 -17"><span class='ocrx_word' id='word_1_252' title='bbox 250 2613 288 2659; x_wconf 87' lang='lat' dir='ltr'><strong>tae</strong></span> <span class='ocrx_word' id='word_1_253' title='bbox 304 2604 456 2669; x_wconf 87' lang='lat' dir='ltr'><strong>rationem,</strong></span> <span class='ocrx_word' id='word_1_254' title='bbox 475 2601 616 2659; x_wconf 89' lang='lat' dir='ltr'><strong>sedetiam</strong></span> <span class='ocrx_word' id='word_1_255' title='bbox 632 2602 665 2658; x_wconf 94' lang='lat' dir='ltr'><strong>ad</strong></span> <span class='ocrx_word' id='word_1_256' title='bbox 681 2600 940 2676; x_wconf 80' lang='lat' dir='ltr'><strong>rerumpublicarum</strong></span> <span class='ocrx_word' id='word_1_257' title='bbox 962 2604 1117 2664; x_wconf 71' lang='lat' dir='ltr'><strong>romonem</strong></span> 
     </span>
     <span class='ocr_line' id='line_1_34' title="bbox 249 2678 1118 2751; baseline 0.006 -16"><span class='ocrx_word' id='word_1_258' title='bbox 249 2680 340 2738; x_wconf 87' lang='lat' dir='ltr'><strong>relata.</strong></span> <span class='ocrx_word' id='word_1_259' title='bbox 377 2680 505 2738; x_wconf 87' lang='lat' dir='ltr'><strong>omnium</strong></span> <span class='ocrx_word' id='word_1_260' title='bbox 520 2678 576 2736; x_wconf 73' lang='lat' dir='ltr'><strong>scre</strong></span> <span class='ocrx_word' id='word_1_261' title='bbox 590 2679 731 2736; x_wconf 85' lang='lat' dir='ltr'><strong>civitatum</strong></span> <span class='ocrx_word' id='word_1_262' title='bbox 745 2694 803 2736; x_wconf 91' lang='lat' dir='ltr'><strong>non</strong></span> <span class='ocrx_word' id='word_1_263' title='bbox 812 2678 931 2737; x_wconf 83' lang='lat' dir='ltr'><strong>Graeciae</strong></span> <span class='ocrx_word' id='word_1_264' title='bbox 945 2678 1056 2751; x_wconf 81' lang='lat' dir='ltr'><strong>solum,</strong></span> <span class='ocrx_word' id='word_1_265' title='bbox 1073 2680 1118 2740; x_wconf 85' lang='lat' dir='ltr'><strong>sed</strong></span> 
     </span>
     <span class='ocr_line' id='line_1_35' title="bbox 251 2754 1119 2827; baseline 0.006 -15"><span class='ocrx_word' id='word_1_266' title='bbox 251 2756 334 2814; x_wconf 86' lang='lat' dir='ltr'><strong>ctiam</strong></span> <span class='ocrx_word' id='word_1_267' title='bbox 350 2756 501 2823; x_wconf 78' lang='lat' dir='ltr'><strong>barbariae,</strong></span> <span class='ocrx_word' id='word_1_268' title='bbox 520 2754 554 2811; x_wconf 89' lang='lat' dir='ltr'><strong>ab</strong></span> <span class='ocrx_word' id='word_1_269' title='bbox 569 2754 730 2822; x_wconf 77' lang='lat' dir='ltr'><strong>Aristotele,</strong></span> <span class='ocrx_word' id='word_1_270' title='bbox 750 2770 857 2825; x_wconf 75' lang='lat' dir='ltr'><strong>morer,</strong></span> <span class='ocrx_word' id='word_1_271' title='bbox 876 2756 1024 2827; x_wconf 86' lang='lat' dir='ltr'><strong>instituta,</strong></span> <span class='ocrx_word' id='word_1_272' title='bbox 1045 2757 1119 2817; x_wconf 84' lang='lat' dir='ltr'><strong>discl-</strong></span> 
     </span>
     <span class='ocr_line' id='line_1_36' title="bbox 250 2831 1119 2907; baseline 0.006 -17"><span class='ocrx_word' id='word_1_273' title='bbox 250 2832 352 2905; x_wconf 87' lang='lat' dir='ltr'><strong>plinas;</strong></span> <span class='ocrx_word' id='word_1_274' title='bbox 373 2832 389 2892; x_wconf 79' lang='lat' dir='ltr'><strong>h</strong></span> <span class='ocrx_word' id='word_1_275' title='bbox 405 2831 598 2907; x_wconf 82' lang='lat' dir='ltr'><strong>Theophrasto</strong></span> <span class='ocrx_word' id='word_1_276' title='bbox 617 2831 691 2903; x_wconf 75' lang='lat' dir='ltr'><strong>leges</strong></span> <span class='ocrx_word' id='word_1_277' title='bbox 713 2832 795 2887; x_wconf 90' lang='lat' dir='ltr'><strong>ctiam</strong></span> <span class='ocrx_word' id='word_1_278' title='bbox 809 2833 1005 2905; x_wconf 80' lang='lat' dir='ltr'><strong>cognorimus.</strong></span> <span class='ocrx_word' id='word_1_279' title='bbox 1043 2838 1119 2895; x_wconf 85' lang='lat' dir='ltr'><strong>crim·</strong></span> 
     </span>
     <span class='ocr_line' id='line_1_37' title="bbox 251 2904 1120 2985; baseline 0.003 -19"><span class='ocrx_word' id='word_1_280' title='bbox 251 2927 306 2984; x_wconf 84' lang='lat' dir='ltr'><strong>que</strong></span> <span class='ocrx_word' id='word_1_281' title='bbox 319 2924 433 2985; x_wconf 88' lang='lat' dir='ltr'><strong>uterque</strong></span> <span class='ocrx_word' id='word_1_282' title='bbox 446 2926 542 2966; x_wconf 89' lang='lat' dir='ltr'><strong>corum</strong></span> <span class='ocrx_word' id='word_1_283' title='bbox 555 2904 708 2970; x_wconf 77' lang='lat' dir='ltr'><strong>¹docuisset.</strong></span> <span class='ocrx_word' id='word_1_284' title='bbox 727 2908 836 2982; x_wconf 84' lang='lat' dir='ltr'><strong>qualem</strong></span> <span class='ocrx_word' id='word_1_285' title='bbox 851 2908 878 2965; x_wconf 93' lang='lat' dir='ltr'><strong>in</strong></span> <span class='ocrx_word' id='word_1_286' title='bbox 894 2908 1032 2983; x_wconf 86' lang='lat' dir='ltr'><strong>republica</strong></span> <span class='ocrx_word' id='word_1_287' title='bbox 1046 2912 1120 2985; x_wconf 87' lang='lat' dir='ltr'><strong>prin·</strong></span> 
     </span>
     <span class='ocr_line' id='line_1_38' title="bbox 103 2982 1121 3064; baseline 0.001 -18"><span class='ocrx_word' id='word_1_288' title='bbox 103 3012 130 3046; x_wconf 87' lang='lat' dir='ltr'><strong>m</strong></span> <span class='ocrx_word' id='word_1_289' title='bbox 145 2996 232 3042; x_wconf 73' lang='lat' dir='ltr'><strong>attiae·</strong></span> <span class='ocrx_word' id='word_1_290' title='bbox 250 2988 339 3058; x_wconf 83' lang='lat' dir='ltr'><strong>cipum</strong></span> <span class='ocrx_word' id='word_1_291' title='bbox 353 2982 434 3043; x_wconf 82' lang='lat' dir='ltr'><strong>mcsl&#39;c</strong></span> <span class='ocrx_word' id='word_1_292' title='bbox 450 2986 624 3051; x_wconf 84' lang='lat' dir='ltr'><strong>conveniret,</strong></span> <span class='ocrx_word' id='word_1_293' title='bbox 644 2984 761 3058; x_wconf 89' lang='lat' dir='ltr'><strong>pluribus</strong></span> <span class='ocrx_word' id='word_1_294' title='bbox 774 2996 905 3057; x_wconf 83' lang='lat' dir='ltr'><strong>praeterea</strong></span> <span class='ocrx_word' id='word_1_295' title='bbox 920 2984 985 3043; x_wconf 82' lang='lat' dir='ltr'><strong>ciam</strong></span> <span class='ocrx_word' id='word_1_296' title='bbox 1010 2986 1121 3064; x_wconf 71' lang='lat' dir='ltr'><strong>scripsis</strong></span> 
     </span>
     <span class='ocr_line' id='line_1_39' title="bbox 103 3057 1119 3140; baseline 0.009 -25"><span class='ocrx_word' id='word_1_297' title='bbox 103 3057 210 3132; x_wconf 47' lang='lat' dir='ltr'><strong>lentes&amp;</strong></span> <span class='ocrx_word' id='word_1_298' title='bbox 249 3061 305 3128; x_wconf 80' lang='lat' dir='ltr'><strong>set,</strong></span> <span class='ocrx_word' id='word_1_299' title='bbox 325 3062 393 3134; x_wconf 82' lang='lat' dir='ltr'><strong>nqui</strong></span> <span class='ocrx_word' id='word_1_300' title='bbox 411 3059 608 3134; x_wconf 74' lang='lat' dir='ltr'><strong>clletoptimus</strong></span> <span class='ocrx_word' id='word_1_301' title='bbox 624 3060 777 3133; x_wconf 83' lang='lat' dir='ltr'><strong>reipublicae</strong></span> <span class='ocrx_word' id='word_1_302' title='bbox 800 3058 902 3118; x_wconf 77' lang='lat' dir='ltr'><strong>status:</strong></span> <span class='ocrx_word' id='word_1_303' title='bbox 931 3062 988 3119; x_wconf 88' lang='lat' dir='ltr'><strong>hoc</strong></span> <span class='ocrx_word' id='word_1_304' title='bbox 1004 3064 1119 3140; x_wconf 79' lang='lat' dir='ltr'><strong>amplihs</strong></span> 
     </span>
     <span class='ocr_line' id='line_1_40' title="bbox 103 3133 1121 3212; baseline 0.003 -16"><span class='ocrx_word' id='word_1_305' title='bbox 103 3136 121 3170; x_wconf 84' lang='lat'><strong>¹¹</strong></span> <span class='ocrx_word' id='word_1_306' title='bbox 134 3135 187 3196; x_wconf 63' lang='lat'><strong>3⁰¹⁵</strong></span> <span class='ocrx_word' id='word_1_307' title='bbox 253 3136 476 3208; x_wconf 78' lang='lat' dir='ltr'><strong>Theophrastus,</strong></span> <span class='ocrx_word' id='word_1_308' title='bbox 496 3155 559 3212; x_wconf 86' lang='lat' dir='ltr'><strong>quae</strong></span> <span class='ocrx_word' id='word_1_309' title='bbox 575 3133 659 3193; x_wconf 88' lang='lat' dir='ltr'><strong>essent</strong></span> <span class='ocrx_word' id='word_1_310' title='bbox 671 3138 699 3193; x_wconf 88' lang='lat' dir='ltr'><strong>in</strong></span> <span class='ocrx_word' id='word_1_311' title='bbox 713 3136 847 3211; x_wconf 88' lang='lat' dir='ltr'><strong>republica</strong></span> <span class='ocrx_word' id='word_1_312' title='bbox 868 3138 1061 3199; x_wconf 86' lang='lat' dir='ltr'><strong>inclinationes</strong></span> <span class='ocrx_word' id='word_1_313' title='bbox 1081 3160 1121 3199; x_wconf 80' lang='lat' dir='ltr'><strong>re-</strong></span> 
     </span>
     <span class='ocr_line' id='line_1_41' title="bbox 103 3186 1121 3286; baseline 0.007 -17"><span class='ocrx_word' id='word_1_314' title='bbox 103 3186 155 3234; x_wconf 50' lang='grc' dir='ltr'><strong>’ω’</strong></span> <span class='ocrx_word' id='word_1_315' title='bbox 251 3230 313 3270; x_wconf 89' lang='lat' dir='ltr'><strong>mm</strong></span> <span class='ocrx_word' id='word_1_316' title='bbox 335 3215 364 3271; x_wconf 72' lang='grc' dir='ltr'><strong>δε</strong></span> <span class='ocrx_word' id='word_1_317' title='bbox 387 3226 530 3271; x_wconf 75' lang='lat' dir='ltr'><strong>mom-enta</strong></span> <span class='ocrx_word' id='word_1_318' title='bbox 551 3225 735 3286; x_wconf 83' lang='lat' dir='ltr'><strong>temporum,</strong></span> <span class='ocrx_word' id='word_1_319' title='bbox 765 3213 861 3283; x_wconf 85' lang='lat' dir='ltr'><strong>quibus</strong></span> <span class='ocrx_word' id='word_1_320' title='bbox 883 3211 948 3271; x_wconf 87' lang='lat' dir='ltr'><strong>esset</strong></span> <span class='ocrx_word' id='word_1_321' title='bbox 971 3216 1121 3275; x_wconf 88' lang='lat' dir='ltr'><strong>moderan-</strong></span> 
     </span>
     <span class='ocr_line' id='line_1_42' title="bbox 252 3287 1119 3369; baseline 0.008 -25"><span class='ocrx_word' id='word_1_322' title='bbox 252 3287 338 3357; x_wconf 87' lang='lat' dir='ltr'><strong>dum,</strong></span> <span class='ocrx_word' id='word_1_323' title='bbox 358 3300 507 3364; x_wconf 82' lang='lat' dir='ltr'><strong>utcumque</strong></span> <span class='ocrx_word' id='word_1_324' title='bbox 522 3308 563 3347; x_wconf 86' lang='lat' dir='ltr'><strong>res</strong></span> <span class='ocrx_word' id='word_1_325' title='bbox 578 3290 732 3364; x_wconf 88' lang='lat' dir='ltr'><strong>postularet.</strong></span> <span class='ocrx_word' id='word_1_326' title='bbox 770 3290 846 3347; x_wconf 83' lang='lat' dir='ltr'><strong>Vitae</strong></span> <span class='ocrx_word' id='word_1_327' title='bbox 867 3303 960 3349; x_wconf 89' lang='lat' dir='ltr'><strong>autem</strong></span> <span class='ocrx_word' id='word_1_328' title='bbox 983 3292 1119 3369; x_wconf 79' lang='lat' dir='ltr'><strong>degendae</strong></span> 
     </span>
     <span class='ocr_line' id='line_1_43' title="bbox 251 3365 1118 3457; baseline 0.002 -34"><span class='ocrx_word' id='word_1_329' title='bbox 251 3366 320 3423; x_wconf 83' lang='lat' dir='ltr'><strong>ratio</strong></span> <span class='ocrx_word' id='word_1_330' title='bbox 336 3365 456 3425; x_wconf 75' lang='lat' dir='ltr'><strong>maxime</strong></span> <span class='ocrx_word' id='word_1_331' title='bbox 473 3366 585 3443; x_wconf 88' lang='lat' dir='ltr'><strong>quidem</strong></span> <span class='ocrx_word' id='word_1_332' title='bbox 601 3367 649 3427; x_wconf 86' lang='lat' dir='ltr'><strong>illis</strong></span> <span class='ocrx_word' id='word_1_333' title='bbox 663 3366 763 3443; x_wconf 86' lang='lat' dir='ltr'><strong>placuit</strong></span> <span class='ocrx_word' id='word_1_334' title='bbox 776 3366 885 3443; x_wconf 82' lang='lat' dir='ltr'><strong>quieta,</strong></span> <span class='ocrx_word' id='word_1_335' title='bbox 904 3369 932 3429; x_wconf 90' lang='lat' dir='ltr'><strong>in</strong></span> <span class='ocrx_word' id='word_1_336' title='bbox 945 3370 1118 3457; x_wconf 82' lang='lat' dir='ltr'><strong>contempla·</strong></span> 
     </span>
     <span class='ocr_line' id='line_1_44' title="bbox 1025 3458 1119 3512; baseline 0 -7"><span class='ocrx_word' id='word_1_337' title='bbox 1025 3458 1119 3512; x_wconf 84' lang='lat' dir='ltr'><strong>tione.</strong></span> 
     </span>
    </p>
   </div>
   <div class='ocr_carea' id='block_1_3' title="bbox 0 0 1172 3914">
    <p class='ocr_par' dir='ltr' id='par_1_3' title="bbox 0 0 1172 3914">
     <span class='ocr_line' id='line_1_45' title="bbox 0 0 1172 3914; baseline 0 0"><span class='ocrx_word' id='word_1_338' title='bbox 0 0 1172 3914; x_wconf 95' lang='lat' dir='ltr'><strong> </strong></span> 
     </span>
    </p>
   </div>
  </div>
 </body>
</html>
