2318 3914
226 130 421 199 Lista
463 128 762 213 Quintus?
866 158 949 227 2515

59 243 148 307 trium
164 242 353 319 proximarum
368 240 398 301 hi
414 241 565 319 principes;
589 245 758 319 voluptatis,
777 244 941 326 Aristippus:

63 338 128 379 non
143 318 273 389 dolendi,
291 320 502 394 Hieronymum
523 321 633 381 fruendi
646 320 724 380 rebus
737 322 787 392 iis,
806 341 872 401 quas
887 330 942 401 pri·

65 412 127 455 mas
142 396 292 456 secundum
307 406 434 456 naturam
450 391 504 459 elle
521 394 663 465 diximus,
688 398 859 470 Carneades,
878 422 938 463 non

58 471 240 551 illequidern
254 472 353 531 audior
369 513 379 539 ‚
397 470 442 531 sed
457 470 586 536 defensor
600 515 610 541 ‚
629 471 774 539 differendi
788 478 865 537 eausa
880 481 941 539 fuit.

57 547 225 623 -Superiores
239 560 294 609 tres
308 560 404 617 erant,
424 565 488 623 quae
505 546 559 607 elle
570 548 694 625 possent:
715 568 832 626 quarum
842 552 939 615 elluna

62 622 121 681 sola
136 624 264 697 defensa,
284 641 373 717 eaque
388 624 578 695 vehementer,
616 642 684 691 nam
698 627 847 703 voluptatis
862 631 938 691 cauli
951 628 974 674 Ρ·
984 628 1091 683 climl·

62 700 157 759 facere
172 702 289 773 omnia,
308 718 393 771 curn,
408 701 493 760 etiarn
505 700 526 761 fi
540 702 609 763 nihil
623 703 867 780 *consequamun
895 702 961 767 ta-²
978 703 1056 776 5⁰¹¹*
1074 760 1078 768 .

58 792 133 835 uren
148 778 237 853 ipsum
251 776 318 839 Illud
331 774 475 837 confilium
487 778 525 844 ita
538 777 659 839 faciendi
673 822 683 850 ,
704 797 752 856 per
764 779 792 839 se
806 796 938 858 expeten-
947 758 1085 812 ‘¹⁰³‘¹²“¹¹'·

62 850 152 923 dum,
171 856 202 914 &
216 854 381 923 honestum,
401 855 431 912 dc
449 853 538 913 solum
558 855 665 915 bonum
681 854 736 925 stt,
755 874 843 917 nemo
863 859 938 921 dicit

58 946 99 989 ne
113 930 281 992 vitationem
294 930 416 1009 quidem·
424 929 527 1010 dolorip
540 930 635 1008 ipsam-
646 949 695 1008 per
707 932 734 992 se
748 935 891 1010 quisquam
907 938 937 995 in

52 1004 145 1066 :rebus
155 1008 316 1084 expetendis
328 1007 452 1083 putavit,
474 1005 544 1066 ¹⁸ne
567 1007 588 1067 s1
609 1009 693 1068 etiam
718 1009 820 1069 evitare
840 1010 937 1086 pollet.

50 1082 105 1144 ,Αἰ
126 1082 195 1145 vero
215 1086 305 1145 facem
323 1083 439 1153 onmia,
458 1096 490 1142 ut
508 1084 687 1161 adipiscamur
706 1102 771 1162 quae
784 1085 935 1148 secundum

60 1170 189 1221 naturam
207 1158 277 1231 srnt,
296 1158 417 1220 etiamfi
438 1176 471 1217 ea
490 1178 550 1220 non
572 1159 625 1219 affe
645 1177 744 1226 uantur
761 1204 770 1231 ,
788 1162 816 1222 id
832 1162 885 1229 elle
904 1166 935 1226 dt

50 1234 229 1307 honestum,
249 1236 383 1297 &solum
398 1235 488 1312 perse
508 1180 715 1313 expetendum,
733 1239 764 1299 δι
778 1237 866 1307 solum
882 1240 934 1303 bo·

62 1328 134 1370 num
152 1314 239 1374 Stoici
255 1314 358 1375 dicunt.

101 1388 183 1449 VIII.
204 1390 272 1450 Sax
296 1408 446 1453 terrun
469 1390 524 1452 hae.
537 1388 599 1459 sunt
619 1385 754 1468 simplices
768 1393 803 1453 de
819 1392 931 1455 summo
946 1417 979 1459 21

60 1460 203 1526 bonorum
220 1466 416 1545 malommque
432 1467 598 1526 sententiae:
626 1469 690 1528 duae
710 1467 767 1527 fine
789 1481 931 1545 patrono,

59 1554 194 1616 quattuor
221 1543 349 1607 defensa.
384 1543 490 1620 jundlae
503 1554 597 1612 autem
625 1546 656 1614 ὃς
680 1543 801 1621 duplices
822 1546 931 1621 expost-

58 1618 152 1679 tiones
164 1620 264 1693 summi
285 1621 353 1681 boni
377 1633 430 1680 tres
446 1620 565 1681 omnino
583 1622 708 1689 fuerunt:
728 1638 781 1679 nec
794 1620 931 1698 veroplu÷

57 1709 104 1752 res
117 1736 127 1764 ,
144 1693 165 1756 ti
178 1698 286 1772 penitus
300 1714 391 1758 renim
407 1708 533 1761 naturam
555 1695 673 1768 videas,
692 1694 747 1757 elle
768 1709 927 1773 potuerunt,

58 1785 128 1829 nam
149 1786 196 1833 aut
217 1774 344 1848 voluptas
365 1772 477 1850 adjungi
497 1772 585 1849 potest
606 1773 643 1833 ad
663 1772 863 1844 honestatem,
898 1788 929 1840 ut

57 1846 218 1925 Calehoni
242 1850 504 1927 bDinomachoque
524 1850 640 1925 placuit:
661 1862 709 1917 aut
722 1849 824 1909 doloris
833 1852 952 1921 vacui-b
968 1861 1012 1908 arn
1029 1864 1080 1919 cti-

54 1932 115 1994 tas,
135 1937 166 1984 ut
179 1926 328 1989 Diodoro:
348 1937 417 1987 caut
431 1926 520 2001 prima
534 1938 640 1985 naturae
649 1939 696 1996 ,ut
709 1927 828 2002 antiquis
837 1948 844 1985 :
854 1946 926 2002 quos
935 1925 1066 1983 tomum.

54 2000 171 2059 eosdem
186 2002 373 2063 Academicos
392 2002 631 2077 &Peripateticos
651 2003 836 2061 nominamus.
871 2004 925 2063 Sed
936 1999 1015 2063 quau,

51 2079 190 2210 ⁸puonimr
206 2096 281 2139 non.
302 2076 393 2142 odunt
407 2079 504 2139 omnia
524 2078 604 2136 simul
621 2078 697 2149 dici,
719 2078 781 2137 lraee
804 2081 833 2137 ln
853 2061 949 2154 prae·c
964 2051 1005 2097 ‘¹¹’
1017 2063 1051 2100 ut.

66 2156 141 2213 entia
159 2168 228 2214 nota
248 2172 265 2220 e
286 2174 302 2213 e
323 2154 463 2221 debebunt
485 2197 494 2225 ,
521 2154 694 2231 voluptatem
724 2154 925 2215 semovendam

53 2226 124 2290 effer
145 2230 257 2307 quando
277 2231 313 2291 ad
336 2232 444 2307 majora
463 2230 592 2307 quaedam
610 2274 619 2301 ‚
638 2242 670 2289 ut
688 2233 747 2305 jam
770 2231 927 2308 apparebit,

53 2306 113 2372 nati
126 2306 225 2367 sumus.
245 2306 281 2367 de
295 2309 432 2367 vacuitate
448 2308 550 2367 doloris
565 2307 665 2367 eadem
679 2306 737 2367 ferd
753 2307 807 2367 dici
822 2307 928 2379 solent,

54 2398 121 2457 quae
136 2382 170 2442 de
186 2386 337 2460 voluptate.
359 2386 494 2461 quoniam
508 2385 590 2471 Igitur
606 2387 636 2443 δε
651 2382 686 2442 de
701 2384 843 2459 voluptate
857 2401 925 2456 curn

53 2456 220 2537 Torquato,
241 2463 271 2519 dc
285 2460 321 2521 de
334 2460 476 2520 honestate
491 2504 499 2531 ‚
519 2478 548 2518 rn
564 2476 620 2537 qua
634 2477 689 2518 una
703 2476 791 2519 omne
813 2460 922 2520 boum

50 2549 219 2611 poneretur,
239 2554 305 2601 cum
321 2539 430 2597 Catone
444 2538 481 2596 eli
496 2535 678 2612 disputatum:
699 2536 838 2612 primum,
857 2555 923 2614 quae
933 2571 949 2620 d
960 2571 1077 2633 quadrant

51 2623 150 2675 contra
163 2614 335 2688 voluptatem
352 2613 425 2673 dida
435 2612 513 2684 sunt,
533 2611 632 2672 eadem
647 2610 705 2672 ferd
718 2609 841 2683 dcadunt
852 2630 922 2674 con·
933 2638 1009 2684 mmo.
1021 2652 1063 2689 vu

54 2701 98 2748 tra
112 2690 278 2748 vacuitatem
294 2689 405 2749 doloris.
932 2697 985 2746 lent
1001 2701 1054 2765 alii,

91 2762 154 2821 Nec
169 2764 236 2825 vero
251 2766 302 2824 alia
321 2765 384 2829 sunt
402 2765 551 2842 quaerenda
569 2770 669 2825 'contra
685 2765 875 2835 Carneadeam
891 2766 921 2825 il·
932 2780 969 2820 22

48 2842 105 2903 lam
121 2841 291 2900 sententiam.
330 2859 511 2919 quocumque
526 2843 601 2901 enim
616 2841 706 2912 modo
721 2840 861 2900 summum
873 2842 924 2900 bo·

49 2935 120 2977 num
136 2917 172 2977 stc
186 2919 336 2993 exponitur
352 2961 360 2984 ,
380 2930 413 2975 ut
422 2917 453 2976 id
467 2931 547 2977 vacet
559 2918 702 2989 honestate
719 2934 725 2970 :
746 2934 800 2974 nec
814 2918 924 2988 officia,

50 3011 106 3053 nec
120 2997 233 3053 virtutes
247 2996 316 3053 lnea
331 2994 436 3052 ratione
446 3012 515 3061 ,nec
528 2996 659 3053 amicitiae
673 2992 796 3052 constare
805 2992 923 3067 ponunt.

50 3070 222 3146 eonjunttio
245 3084 340 3139 autem
363 3087 429 3138 cunr
449 3070 591 3141 honestate
611 3070 658 3128 vel
679 3068 850 3145 voluptatis,
878 3071 923 3129 vel
964 3064 989 3113 P·
1010 3064 1038 3113 Β·

865 3166 925 3209 non

83 3349 120 3389 rt.
137 3347 168 3388 Ne
179 3342 272 3400 finiam
283 3345 367 3390 evirare
379 3341 461 3403 polin]
475 3340 524 3398 NIst
534 3341 600 3386 eriam
609 3338 654 3390 dre.
676 3334 709 3385 esi
720 3334 744 3385 in
756 3332 924 3397 manuscripto.

48 3400 123 3462 vrfir'r.
155 3407 284 3455 Lambinus
299 3405 413 3468 legebar,
428 3405 513 3468 etiamst
527 3418 577 3451 eum
591 3406 665 3456 viram
676 3400 757 3463 pollet,
776 3399 817 3454 alli
831 3400 924 3460 legunt,

48 3468 185 3538 serstorum
196 3486 243 3518 rm
254 3469 406 3534 virarcpoffir.
893 3518 899 3530 ς

462 3534 513 3592 ryy
525 3544 607 3591 ms
626 3542 638 3583 s
793 3538 830 3581 19·
847 3521 926 3581 Qum
