2318 3914
231 128 315 215 2370
435 117 498 194 Db
520 130 607 194 Fru.
630 126 802 193 Boron
824 122 940 192 Mar.

230 238 271 295 Ea
285 236 420 306 scientia,
440 237 470 295 &
488 238 637 296 verborum
661 237 701 294 vis
718 279 726 306 ,
747 237 776 294 δι
791 247 886 294 natura
900 237 1064 312 orationis,
1081 272 1085 297 a

230 313 459 389 consequentium
482 315 732 390 repugnantiumve
769 312 838 370 ratio
860 312 951 385 potest
975 315 1085 390 perspic.

231 390 360 447 omnium
374 402 468 448 autem
484 407 575 448 reruni
588 388 683 450 naturi
697 386 825 464 cogniti,
843 388 972 447 levamur
984 388 1085 465 supersi

231 465 325 535 tione,
345 464 490 525 liberamur
504 468 600 526 mortis
615 479 710 535 metu,
730 483 790 525 non
810 464 1015 523 conturbamur
1030 468 1085 543 ign<

230 542 338 600 ratione
351 560 461 611 rerum,
482 541 498 601 ὲ
511 561 565 620 qua
578 543 632 618 ipsa
646 542 785 601 horribiles
810 539 939 598 exsistunt
960 540 1040 617 saepe
1054 544 1085 603 fo.

231 617 358 687 midines.
396 618 516 694 denique
537 621 620 678 etiarn
643 621 744 677 morati
764 615 860 675 melihs
878 619 1011 687 erimus,
1044 619 1085 679 chr

232 693 423 763 didicerimus,
443 713 507 770 quae
522 708 616 754 natura
630 694 772 755 desideret.
809 705 870 757 turn
890 692 989 762 verb,
1018 693 1085 755 riu

231 768 315 828 bilem
334 771 474 830 scientiam
495 789 584 829 rerum
606 772 783 838 tenebimus,
809 767 911 827 servati
932 768 978 827 illa
1016 772 1085 847 (qu

233 846 307 921 quasi
315 847 419 922 delapsa
433 847 469 905 de
485 848 555 906 caelo
569 847 606 905 est
619 848 654 906 ad
663 847 853 922 cognitionem
862 847 1012 920 omnium)
1027 864 1085 924 regu

89 939 106 974 a
125 920 273 989 dirigar-la,
282 922 316 981 ad
330 941 415 999 quam
426 925 521 983 omnia
531 924 635 998 judicia
649 922 1085 1000 rerum²dirigentur,numquar

86 997 125 1037 ‘¹¹¹
135 989 210 1036 rama.
226 998 310 1056 -ullius
323 1000 449 1059 oratione
464 999 529 1058 ridi
543 999 674 1059 sententii
688 998 852 1059 defistemus.

27 1090 31 1097 ’
190 1080 227 1154 614
271 1075 330 1132 Nisi
344 1087 437 1134 autem
452 1094 543 1133 rerum
558 1090 653 1135 natura
666 1074 802 1150 perspecta
817 1074 890 1141 erit,
909 1073 992 1133 nullo
1016 1075 1085 1137 mod

229 1153 382 1226 poterimus
395 1152 519 1211 sensuum
540 1153 643 1227 judicia
664 1151 821 1210 defendere.
859 1150 999 1226 quidquid
1019 1170 1085 1227 porr

228 1229 323 1285 animo
338 1230 499 1298 cernimus,
531 1229 560 1287 id
588 1246 675 1287 omne
703 1227 825 1286 orituri
848 1226 975 1286 sensibus.
1019 1230 1085 1304 quir

151 1308 153 1315 '
230 1321 330 1361 omnes
343 1317 424 1363 erunt
438 1308 511 1373 veri,
530 1318 560 1362 ut
574 1305 685 1380 Epicuri
698 1305 767 1362 ratio
782 1303 879 1362 docet:
900 1317 962 1361 tum
979 1303 1085 1383 deniqu

231 1381 333 1453 poterit
357 1381 391 1438 ali
412 1381 458 1439 uid
472 1381 601 1454 cognosci
630 1383 660 1439 &
690 1380 801 1454 percipi.
838 1397 907 1453 quos
927 1380 980 1454 qui
1003 1382 1085 1441 tollur

232 1456 262 1513 ὃ(
275 1455 342 1520 nihil
357 1474 394 1529 po
416 1476 431 1515 e
445 1459 547 1532 percipi
560 1456 670 1524 dicunt,
688 1458 726 1525 ii,
746 1458 858 1514 remotis
871 1455 1012 1526 senfibus,
1032 1459 1085 1517 nei

229 1531 317 1604 ipsum
333 1534 446 1607 quidem
463 1534 589 1608 expedire
602 1531 727 1608 potsunt,
747 1532 824 1608 quod
848 1526 991 1591 differunt.
1032 1533 1085 1593 Ρη

229 1618 326 1676 terea,
347 1609 446 1668 sublata
467 1609 628 1684 cognitione
670 1611 699 1667 δι
728 1606 860 1675 scientii,
887 1608 997 1667 tollitur
1013 1627 1085 1671 otuu

230 1685 300 1741 ratio
315 1687 345 1741 &
359 1686 424 1743 vitae
445 1683 602 1760 degendae,
629 1687 763 1742 &rerum
787 1682 983 1758 gerendarum.
1024 1686 1070 1745 Sic

231 1759 349 1834 physicis
375 1763 405 1819 δι
431 1760 564 1819 fortitudo
578 1760 691 1819 sumitur
704 1773 800 1817 contra
826 1762 922 1818 mortis
945 1761 1083 1821 timorem

231 1835 424 1895 &constantia
444 1849 538 1895 contra
561 1850 669 1896 metum
690 1836 826 1911 religionis
841 1858 850 1903 ;
872 1837 902 1894 δε
919 1835 1032 1899 sedatio
1046 1840 1085 1899 ani

232 1911 288 1978 mi,
309 1915 437 1972 omnium
453 1930 543 1973 rerum
559 1913 730 1972 occultarum
745 1913 921 1986 ignoratione
934 1911 1085 1983 sublatus

87 1986 431 2064 amedera-moderatio,
451 1987 545 2048 naturi
567 1989 746 2063 cupiditatum
773 1989 976 2063 generibusque
1008 2008 1085 2051 eamn

85 2054 123 2103 11⁰
132 2051 389 2137 wadraexplicatiae
411 2067 441 2123 &
461 2065 503 2138 sut
522 2063 610 2123 modi)
630 2065 725 2136 docui)
748 2064 914 2139 cognitionis
949 2067 1050 2140 reguli
1074 2068 1085 2127 l

86 2128 192 2242 ffiffib·
225 2139 334 2274 judpicio
347 2140 380 2198 ab
394 2141 492 2201 eadem
505 2141 549 2199 illa
562 2141 711 2200 coruiituto
726 2183 735 2210 ,
762 2141 820 2199 veri
839 2139 855 2199 ὲ
876 2139 944 2200 salso
959 2140 1085 2205 distin&

117 2244 133 2257 ··
235 2230 274 2275 tra
294 2228 354 2274 rtur.

86 2243 146 2356 adp..
163 2308 190 2355 B.
267 2292 327 2349 XX.
347 2294 505 2351 Rrsrar
527 2292 605 2351 locus
624 2294 690 2352 huic
711 2292 883 2369 disputationi
905 2292 951 2351 vel
976 2297 1085 2357 maxim

188 2365 389 2444 65neceffarius
426 2369 461 2427 de
488 2370 631 2439 amicitia,
651 2387 735 2447 quam
754 2412 763 2438 ,
782 2368 942 2443 fivoluptas
957 2372 1085 2433 summuu

228 2443 261 2502 stt
274 2445 397 2514 bonurn,
417 2445 554 2505 affirmatis
566 2447 668 2505 nullam
683 2448 802 2504 omnino
815 2446 891 2504 fore:
912 2445 948 2503 de
962 2466 1022 2524 qua
1035 2450 1085 2526 Epi

229 2538 308 2579 curus
322 2521 435 2595 quidem
448 2523 485 2580 ita
500 2524 580 2581 dicit:
602 2525 719 2580 amnium
734 2542 821 2580 rerum
837 2562 847 2589 ,
875 2541 941 2598 quas
965 2526 1006 2582 ad
1027 2525 1085 2583 bear

231 2595 378 2654 vivendum
391 2598 517 2672 sapientia
530 2600 741 2674 comparaverit,
762 2596 830 2655 nihil
840 2599 882 2671 affe
896 2600 987 2674 majus
1005 2602 1085 2659 amici

230 2672 296 2742 ria,
323 2673 391 2731 nihil
410 2673 538 2744 uberius,
565 2675 632 2732 nihil
646 2675 796 2746 jucundius.
835 2690 927 2750 neque
950 2675 1023 2735 verb
1045 2679 1085 2737 ho

228 2751 354 2809 oratione
375 2749 461 2810 solum
476 2794 485 2821 ,
503 2751 549 2809 sed
569 2751 660 2809 multo
682 2752 767 2826 magis
787 2751 867 2819 vita,
893 2752 925 2808 ὃ(
943 2752 1027 2813 fadis
1042 2796 1052 2822 ,
1070 2756 1085 2813 8

211 2826 351 2886 -rnoribus
372 2828 572 2904 comprobavit.
610 2827 688 2904 quod
713 2825 798 2904 quim
822 2843 957 2902 magnum
972 2828 1006 2887 fit
1033 2830 1085 2889 fida

1050 2924 1085 2967 Vt

229 3097 313 3145 quatur
322 3084 374 3132 heic
384 3084 459 3134 reddit
469 3085 645 3142 rationem,cur
656 3085 708 3147 plus
718 3081 860 3147 impenderit
876 3082 976 3149 phyfieae
986 3084 1085 3151 apim

227 3147 299 3208 quam
317 3148 466 3203 Dialeslicae,
494 3161 565 3211 atque
580 3162 705 3212 utramque
721 3144 784 3211 quafi
800 3149 826 3195 in
843 3146 936 3197 bilance
952 3148 1079 3197 erarniuat

223 3208 371 3271 ostenditque
384 3212 452 3259 illam
469 3210 554 3259 harere
568 3212 628 3259 cirea
645 3210 715 3260 verba
731 3213 756 3259 δι
772 3224 859 3258 voces:
878 3209 940 3258 hanc
950 3210 1011 3261 verb
1028 3224 1085 3275 pene

143 3310 147 3325 ,
225 3284 373 3319 araterrium
385 3275 494 3322 omnium
507 3287 630 3328 naturam,
647 3277 693 3324 &e
710 3271 785 3321 valde
796 3273 842 3321 hoc
855 3274 928 3321 etiam
945 3273 1005 3323 loeo
1016 3274 1085 3339 inepti

226 3333 334 3383 Michadl
346 3342 446 3393 brutus,¹
471 3336 528 3383 dum
541 3336 672 3399 parenthesi
682 3335 761 3384 nescio
771 3335 819 3396 qur
840 3335 923 3385 cunda
937 3336 1085 3403 redintegrat

148 3416 151 3427 ·
216 3394 319 3508 faragine
326 3400 407 3465 Magis
417 3397 490 3449 laudo
500 3398 591 3450 Aldum
597 3404 732 3465 Nepotem,
748 3399 789 3463 qui
800 3432 809 3458 ‚
819 3397 877 3450 dum
888 3410 968 3459 treet,
981 3414 1037 3449 non
1046 3412 1085 3465 per

145 3484 150 3495 ·
219 3472 265 3510 car.
321 3476 365 3510 rar.

61 3516 177 3672 Ἴ
477 3490 481 3505 ¹
1007 3530 1085 3586 ann

187 3640 196 3665 ⁴
879 3672 884 3683 ι
