2318 3914
244 125 326 214 2338
429 114 492 190 Du
513 125 602 191 Fru.
625 94 724 189 Rois.
746 141 802 188 er
823 120 953 186 Mau·

240 241 301 319 jam
316 237 444 312 millum,
463 244 587 302 coerceri
606 241 773 318 reprimique
787 258 847 300 non
860 238 972 314 potest:
1016 253 1052 303 ut
1064 262 1122 321 pro·

244 319 400 412 pemodum
411 318 568 395 justioribus
580 331 692 378 utamur
705 319 755 378 illis
772 360 782 388 ,
800 319 847 395 qui
862 318 985 376 omnino
1001 318 1124 383 avocent

244 413 262 454 a
283 395 479 472 philosophia,
496 397 583 472 qulm
596 398 652 466 iis,
679 397 727 472 qui
755 397 833 455 rebus
858 391 971 452 infinitis
1002 398 1120 459 modum

244 473 426 532 constituant:
452 475 481 533 in
495 491 631 550 requeeo
646 471 762 532 meliore
777 516 787 544 ,
805 488 864 550 quo
879 470 970 546 major
984 471 1021 532 sit
1036 516 1047 544 ,
1067 493 1122 535 me·

246 547 420 608 diocritatem
436 549 598 609 defiderent.

219 641 236 702 3
286 626 349 685 Sive
363 629 439 684 enim
454 627 489 685 ad
503 626 662 703 sapientiam
675 626 811 702 perveniri
826 623 930 700 potest:
947 643 1013 685 non
1028 643 1120 702 patan-

246 701 280 762 da
295 703 374 761 nobis
388 703 476 761 solium
491 721 540 773 ea,
559 703 604 762 sed
619 704 733 763 fruenda
749 706 833 762 etiam
846 702 976 774 sapientia
991 702 1042 761 est.
1070 704 1118 765 fite

245 778 302 847 hoc
317 779 426 838 difficile
440 780 494 837 est:
514 792 609 838 tamen
625 797 678 838 nec
696 780 797 838 modus
812 776 849 836 est
864 777 932 835 ullus
952 778 1119 855 investigan-

246 855 275 912 di
290 856 369 924 veri,
390 855 439 914 nisr
451 858 612 915 inveneris:
634 858 664 914 δι
685 854 828 933 quaerendi
850 854 1018 928 defatigatio
1040 857 1120 933 turpis

246 931 301 999 esi,
321 931 384 989 cum
400 932 446 1001 id,
466 934 543 1009 quod
558 933 747 1008 quaeritur,srt
760 930 988 1008 pulcherrimum.
1010 931 1119 992 Etenim

244 1007 463 1077 fideletiamur,
484 1009 549 1068 cum
564 1009 717 1069 scribimus:
738 1011 797 1085 quis
813 1007 850 1066 est
863 1019 920 1064 tam
935 1008 1118 1085 invidus,qui

242 1083 277 1141 ab
290 1102 326 1142 eo
341 1103 392 1142 nos
406 1085 542 1145 abducat?
563 1086 602 1145 sm
616 1087 771 1163 laboramus
788 1106 795 1143 ε
815 1083 875 1159 quis
896 1081 933 1139 est
955 1085 1008 1158 qui
1023 1086 1118 1145 aliene

242 1160 362 1218 modum
377 1161 473 1220 statuat
488 1162 646 1222 industriae?
667 1164 759 1232 Nam,
779 1173 810 1221 ut
824 1160 1017 1218 Terentianus
1037 1162 1119 1223 Chre·

247 1255 307 1295 mes
322 1257 380 1296 non
396 1239 578 1309 inhumanus,
606 1241 655 1316 qui
668 1258 774 1298 novum
791 1237 915 1295 vicinum
930 1253 993 1295 non
1008 1238 1073 1297 vult

327 1316 435 1383 Fodere,
456 1333 505 1372 aut
518 1337 595 1374 arare
612 1359 621 1383 ,
639 1332 689 1373 aut
702 1315 807 1394 aliquid
813 1316 885 1387 ferre
897 1310 912 1351 ⁶
923 1312 986 1369 deni
1005 1335 1049 1373 ue.
1099 1342 1102 1347 -

248 1407 308 1448 non
323 1391 399 1449 enim
413 1392 490 1451 illum
504 1393 538 1450 ab
554 1392 699 1462 industria,
717 1392 764 1451 sed
778 1392 811 1450 ab
825 1387 947 1448 illiberali
960 1335 1062 1450 labore
1077 1390 1118 1451 de·

248 1478 347 1525 terret:
367 1467 404 1525 fic
418 1468 459 1527 isti
472 1469 587 1540 curiosi,
606 1487 677 1546 quos
693 1468 810 1529 offendit
824 1465 915 1526 noster
931 1464 1057 1527 minime
1073 1485 1118 1529 uo·

248 1541 289 1600 bis
304 1544 468 1619 injucundus
481 1545 566 1604 labor.

222 1652 241 1707 4
287 1619 324 1678 ll.
344 1621 419 1679 His
442 1639 591 1679 torruit
613 1621 650 1680 est
678 1621 812 1680 difficilius
834 1618 1008 1691 satisfacere,
1028 1618 1117 1696 quise

100 1710 217 1763 emine
249 1695 369 1755 cLatina
384 1696 478 1772 scripta
493 1698 588 1757 dicunt
603 1712 802 1768 contemnere,
821 1698 850 1755 in
872 1697 970 1773 quibus
992 1699 1053 1756 hoc
1072 1696 1118 1774 pn'·

99 1777 151 1827 atii.

250 1789 329 1830 mum
345 1772 455 1843 est,di·n
463 1793 521 1852 quo
536 1776 668 1834 admirer:
690 1793 738 1834 cur
751 1776 779 1833 in
794 1773 951 1850 gravissimis
968 1775 1053 1833 rebus
1067 1790 1117 1833 nou

99 1836 117 1886 (Ι
132 1836 198 1902 ‘lmd
252 1847 370 1907 delectet
385 1868 432 1908 eos
447 1854 546 1926 patrius
559 1852 669 1921 sermo,
689 1851 753 1909 clam
769 1851 854 1909 iidem
869 1849 979 1908 fabellas
995 1851 1115 1919 Latinas,

100 1901 226 1951 miterelr'r'.
250 1924 284 1982 ad

304 1927 418 1985 verbum
432 1926 467 1985 de
482 1929 586 1987 Graecis
600 1924 749 2004 expressas,
768 1945 829 1985 non
835 1926 911 1984 inviti
925 1925 1032 2000 legant.
1053 1926 1116 2063 OE?

248 2003 325 2061 enim
340 2015 398 2062 tam
414 2005 542 2063 inimicus
556 2004 638 2080 paeni:
651 2006 760 2064 nomini
775 2004 907 2061 Romano
923 2001 978 2071 est,
999 2004 1054 2079 qui
1107 2030 1118 2047 ·

101 2101 208 2150 mid„
248 2079 288 2137 nii
303 2079 457 2150 Medeam,
489 2093 536 2138 aut
550 2083 703 2156 Antiopam
719 2080 828 2139 Pacuvii
850 2079 955 2153 spernat
976 2092 1028 2139 aut
1040 2078 1118 2153 &reii-

100 2166 157 2214 uu.

251 2154 331 2214 ciat?
362 2158 417 2233 ·qui
443 2157 468 2214 se
488 2157 583 2219 iisdem
605 2157 739 2232 Euripidis
758 2155 853 2214 fabulis
872 2154 1001 2213 delectari
1024 2156 1116 2225 dieat,

99 2225 117 2275 s
126 2227 207 2276 lunas
251 2231 364 2291 Latinas
377 2234 493 2294 flitteras
509 2232 620 2292 oderit?
640 2233 819 2310 Synephebos
833 2248 887 2308 ego
904 2274 913 2302 ,
932 2233 1053 2310 inquit,
1072 2248 1118 2320 po·

101 2290 214 2341 desaGnl.

1073 2304 1119 2369 nbt

244 2537 340 2588 vntum.
358 2537 496 2590 Lambinus.
528 2542 595 2604 Qed
607 2541 674 2602 semel
687 2542 739 2597 jam
754 2535 1026 2650 miffism.1'·bichll.o.
1080 2549 1117 2587 tv-

244 2599 392 2666 senseritque
406 2603 530 2653 victorius.
562 2605 697 2653 communis
718 2603 812 2660 lertio,
838 2619 852 2666 q
868 2603 895 2649 ed
905 2601 972 2663 semi
986 2602 1053 2648 admi
1068 2616 1120 2657 ree,

247 2666 350 2714 omnino
361 2665 560 2730 improbaverim:
577 2682 602 2717 ut
614 2669 687 2716 altera
697 2667 806 2730 scriptura
817 2679 873 2715 nata
888 2663 957 2713 strerit
972 2660 986 2710 a
997 2664 1076 2713 veteri
1086 2676 1120 2712 n·

245 2727 313 2776 tione
322 2729 496 2794 orthographia
506 2732 635 2792 ammissum.
652 2729 696 2779 stat
708 2744 789 2778 tamen
802 2743 845 2792 pto
855 2727 932 2776 nostra
939 2726 1070 2776 Turnebus
1079 2725 1118 2777 lib.

245 2805 315 2840 xxiv.
331 2806 381 2856 cap.
390 2811 411 2844 2.
428 2797 493 2843 Grur.
524 2795 600 2844 Aliter
611 2807 691 2841 tamen
701 2791 778 2841 censet
792 2791 912 2840 Rubenius
923 2790 986 2854 apud
997 2790 1120 2852 partemin

245 2855 310 2902 uotis
322 2856 351 2903 ad
362 2861 476 2905 Senecam
484 2856 525 2906 lib.
534 2874 578 2908 111.
591 2859 664 2905 delta
676 2865 698 2905 ο.
716 2859 741 2905 &
752 2868 815 2905 terre
825 2856 1011 2916 edmiffumnuue
1024 2867 1058 2917 qu
1146 2876 1152 2889 ι

245 2916 317 2966 rideo
327 2919 351 2965 in
362 2919 505 2968 membranis
516 2923 588 2977 meis:
605 2919 685 2982 estque
698 2923 734 2968 vel
747 2919 793 2967 boc
803 2918 843 2967 vel
852 2918 969 2979 immissum
981 2917 1049 2966 haud

244 2979 337 3029 dostius
349 2984 373 3031 bc
384 2985 569 3033 convenientius.
603 2987 698 3031 Gronov.

277 3052 298 3091 6.
317 3049 436 3108 Denique]
453 3048 495 3096 vel
507 3048 562 3096 hinc
573 3047 675 3110 intelligi
687 3046 741 3094 licet
753 3058 849 3109 peceare
859 3056 913 3098 eos,
946 3041 971 3089 ui
980 3040 1045 3092 illud
1062 3044 1122 3091 deri·

243 3120 284 3171 que
293 3106 355 3171 apud
365 3112 504 3159 Terentium
516 3110 659 3159 connedlunt
671 3125 725 3157 curn
735 3105 922 3173 insequentibus,
956 3118 986 3153 oe
996 3105 1093 3157 modo:

383 3192 479 3248 fodere,
495 3208 534 3239 aur
549 3209 627 3248 arare,
645 3206 684 3238 aut
698 3193 785 3256 aliquid
797 3190 864 3250 ferre,
895 3188 986 3251 denique

280 3287 284 3293 -
381 3256 476 3300 Nullum
490 3260 584 3303 remittis
597 3268 686 3319 tempus.

246 3335 386 3384 'terminant
402 3339 467 3387 enim
482 3336 623 3405 superiorem
640 3339 707 3387 illam
723 3337 847 3388 verborum
862 3333 1124 3400 comprehensionem,

245 3408 271 3444 ut
281 3396 338 3460 saepe
348 3398 411 3452 alibi
428 3406 509 3454 Mures.
543 3401 677 3456 Eademest
691 3400 808 3453 sententia
822 3400 878 3466 Jaui
894 3400 993 3453 Melleti
1011 3400 1123 3451 tumul

244 3459 271 3509 in
280 3462 415 3527 spicilegiis.

1053 3555 1080 3600 7.
1095 3542 1123 3589 al
