2318 3914
222 148 306 215 ²542
423 132 486 200 Dr
507 132 597 201 Fru.
620 138 719 206 Bou.
741 154 793 205 111
815 134 936 201 Mur,

220 238 293 295 fello
307 234 354 297 illo
368 236 414 297 die
423 250 517 308 ,tanto
531 238 636 314 gaudio
647 238 756 308 affecit,
774 246 882 313 quanto
905 238 944 295 L.
958 236 1102 309 Paullum}

221 310 285 370 cirm
300 332 395 389 regem
410 317 509 375 Persen
523 330 637 391 captum
660 315 831 385 adduceret,
860 314 974 374 eodem
990 316 1100 376 flumine

194 388 385 449 'inveslumi

174 484 207 541 71
256 466 320 541 Age
332 487 424 535 nunc,
444 469 516 527 Luci
530 470 644 538 noller,
671 470 777 529 exstrue
796 469 894 527 animo
922 468 1098 528 altitudinem

217 545 466 622 excellentiamque
481 548 631 604 virtutum:
648 547 707 622 jam
723 565 781 604 non
794 543 950 611 dubitabis,
972 547 1043 621 quin
1058 564 1098 604 ea-

216 635 279 677 rum
294 635 440 695 compotes
455 623 603 691 homines,
623 642 727 697 magno
752 623 848 680 animo
876 620 1037 697 erectoque
1062 625 1098 680 vi·
1122 686 1124 695 ¹

87 756 90 763 ,
215 710 330 766 ventes,
350 699 456 774 semper
469 699 521 757 sint
538 701 626 758 beati:
667 701 713 774 qui
729 716 829 757 omncs
852 711 953 757 motus
978 701 1094 757 lortunae

65 768 191 842 faliiim·
216 776 438 850 mutationesque
474 794 566 834 return
609 779 638 835 ἃ
661 790 822 850 temporum
855 774 934 833 leves
972 772 1093 834 &Win-

65 831 165 906 ¹3⁶⁶¹¹¹⁰⁵
181 836 324 910 &hecilles
337 853 398 910 sote
413 853 581 928 intelligant,
601 853 621 911 st
635 855 663 911 in
678 854 782 911 virtutis
797 864 943 909 certamen
959 854 1090 911 uenerint.

66 908 100 943 ’⁸⁴
114 900 185 950 MSS.
214 926 258 984 illa
274 931 368 998 enim,
386 947 450 1003 quae
465 929 556 987 sunto
578 932 657 987 nobis
678 930 752 986 bona
776 928 901 1003 corporis
922 942 1089 997 numerata,

213 1008 359 1079 complent
372 1024 403 1063 ea
418 1007 529 1079 quidem
545 1008 724 1064 beatillimam
740 1005 825 1063 vitam
836 1005 898 1073 ,sed
915 1005 974 1075 ita,
994 1018 1027 1064 ut
1040 1005 1088 1064 sure

211 1078 262 1138 illis
275 1083 356 1156 polilt
370 1083 449 1140 beata
465 1084 519 1139 vita
537 1084 669 1141 exlitlere.
710 1084 748 1140 ita
763 1084 840 1140 enim
866 1098 965 1156 paruae
993 1084 1025 1141 ὅτ
1038 1084 1088 1141 exi·

210 1172 275 1230 guae
290 1159 350 1217 sunt
370 1159 426 1216 illae
449 1160 614 1219 accelliones
635 1160 798 1227 honorum,
826 1170 881 1227 ut,
902 1160 1087 1234 quemadmo·
1120 1217 1124 1233 ¹

212 1232 281 1291 dum
295 1236 377 1293 stellae
391 1226 511 1295 in'ndio
526 1236 604 1306 solis,
624 1236 660 1294 sic
673 1235 731 1294 istae
744 1237 773 1294 in
787 1236 923 1293 virtutum
947 1236 1085 1311 splendore
1121 1238 1124 1337 q

211 1324 249 1366 ne
264 1324 409 1371 cernantur
423 1312 547 1387 quidem.
965 1352 968 1357 -

165 1403 201 1460 72
248 1385 276 1440 ⁶5
286 1391 381 1465 Atque
395 1391 467 1454 hoc,
489 1404 519 1446 ut
533 1388 599 1448 vere
620 1390 742 1457 dicitur,
768 1404 852 1464 parva
874 1385 930 1446 esse
952 1388 989 1447 ad
1011 1386 1085 1447 beati
1122 1438 1124 1443 .

208 1462 363 1524 vivendum
380 1478 531 1526 momenta
553 1467 600 1524 ista
621 1467 742 1541 corporis
770 1465 1023 1532 commodorum;
1052 1464 1084 1523 hc
1122 1494 1124 1557 q

210 1541 292 1600 nimis
307 1544 461 1602 violentum
483 1542 543 1609 cll,
571 1542 644 1601 nulla
665 1540 719 1601 elle
742 1542 841 1600 dicere.
880 1542 931 1617 qui
954 1544 1031 1600 enim
1051 1540 1083 1600 hc

59 1612 190 1679 tfetetlnt
212 1615 364 1692 disputant,
384 1620 461 1677 obliti
477 1620 544 1676 mihi
558 1620 703 1689 videntur,
723 1636 786 1693 quae
800 1616 848 1692 ipsi
869 1617 995 1691 fegerint
1015 1620 1084 1693 ptin-

59 1681 138 1729 Wl·
211 1694 282 1768 cipia
296 1709 409 1753 naturae.
448 1696 624 1752 tribuendum
639 1698 720 1770 igitur
735 1695 772 1752 est
795 1695 836 1751 his
856 1695 961 1770 aliquid
978 1696 1083 1762 ‚dum-

211 1771 325 1838 modo,
346 1785 481 1849 quantum
496 1773 672 1829 tribuendum
687 1772 734 1838 sit,
755 1772 897 1843 intelligas.
931 1771 979 1829 Est
992 1784 1081 1831 tamen

69 1857 198 1911 llcllml.
209 1846 385 1922 philosophi,
421 1860 554 1907 nontam
573 1848 687 1923 gloriosa
715 1847 801 1925 quim
824 1864 888 1903 vera
910 1850 1081 1921 quaerentis,

206 1940 259 1980 nec
274 1942 326 1998 pro
346 1927 433 1984 nihilo
455 1940 549 2001 putare
570 1944 626 1994 ea,
652 1943 715 1998 quae
736 1922 885 1980 secundum
904 1938 1036 1983 naturam
1050 1926 1082 1984 illi

205 1998 254 2072 ipsi
269 2001 379 2074 gloriosi
394 2001 447 2061 elle
463 2003 633 2070 fatebantur,
648 2004 678 2059 ὃ(
693 2002 787 2059 uidere
801 2012 907 2056 tantam
924 2002 985 2058 vim
1000 2003 1083 2060 virtu·

205 2077 240 2134 tis
259 2089 421 2155 tantamque
441 2122 449 2147 ,
470 2092 500 2136 ut
521 2081 557 2135 ita
580 2079 688 2145 dicam,
708 2077 901 2134 auctoritatem
915 2078 1081 2148 honestatis,

206 2165 238 2221 ut
254 2155 353 2227 reliqua
369 2175 427 2213 non
442 2156 484 2212 illa
499 2155 611 2228 quidem
627 2155 699 2212 nulla
716 2197 723 2221 ,
745 2153 790 2211 sed
805 2154 840 2210 ita
855 2171 939 2226 parva
955 2152 1010 2212 fint
1026 2197 1034 2221 ‚
1053 2167 1082 2213 ut
1122 2158 1124 2215 1

205 2229 279 2286 nulla
294 2228 347 2286 elle
362 2232 514 2290 videantur.
552 2230 580 2269 ⁶⁶
593 2232 665 2288 Haec
680 2231 718 2289 est
739 2247 791 2288 nec
813 2230 910 2286 omnia
933 2229 1081 2302 spernentis

204 2318 306 2378 practer
331 2309 460 2364 virtutem
495 2308 525 2363 &
546 2308 677 2366 virtutem
700 2308 783 2382 ipsam
805 2305 856 2362 suis
875 2305 1003 2365 laudibus
1024 2326 1081 2365 am·

204 2377 347 2453 plificantis
368 2385 466 2439 oratio.
505 2383 624 2456 denique
645 2387 707 2441 haec
734 2381 915 2454 errandique
941 2385 1081 2458 completa

205 2456 236 2513 &
253 2456 373 2530 perfetta
386 2459 532 2535 explicatio
547 2459 647 2519 summi
661 2461 735 2519 honi.
772 2459 838 2517 hinc
852 2459 938 2537 ceteri
959 2463 1079 2595 partiqu-

1055 2554 1081 2596 as

234 2806 272 2855 σς.
290 2806 370 2861 ,Atque
389 2805 446 2856 hac,
471 2813 496 2846 ut
511 2818 561 2847 verr
576 2803 676 2857 elicitur,
700 2814 771 2864 paron
787 2799 823 2859 effe
838 2801 868 2847 acl
883 2801 940 2848 beate
954 2800 1078 2848 vivendum

201 2876 307 2909 momenta
317 2865 357 2922 esta
372 2866 462 2921 carparis
472 2867 647 2923 commodorum]
666 2869 728 2911 Cum
744 2864 848 2919 dixerit,
868 2868 926 2919 tm,
948 2877 991 2911 cut
1008 2864 1078 2912 infert

201 2926 260 2982 asta?
275 2928 385 2989 equidem
396 2927 513 2993 postrema
524 2942 626 2989 quatuor
636 2930 705 2976 veiha
716 2926 814 2989 suspicor
825 2942 873 2974 non
885 2924 932 2974 ell'e
944 2927 1078 2983 Ciceronis,

201 2987 242 3036 sed
255 2990 359 3040 hominis
376 2992 457 3040 leviter
473 2993 555 3041 enrditi
574 3025 581 3046 ,
612 2993 653 3053 qui
669 2989 766 3041 verbum
783 2995 823 3035 lac
838 3004 929 3053 putaret
955 2990 1079 3051 explican-

202 3049 269 3101 dum.
286 3056 360 3102 Tertii
370 3057 428 3104 liher
440 3055 525 3111 haber,
543 3057 671 3111 saramalla,
691 3070 733 3117 pro
744 3055 905 3103 commodorum.
940 3056 964 3101 1³.
981 3056 1078 3103 Manus,

202 3121 283 3175 ,Atque
293 3120 347 3167 hoc,
362 3136 386 3165 ur
401 3122 452 3165 veri
462 3120 562 3174 [initum]
580 3118 618 3163 1⁵.st
632 3126 643 3164 l
658 3120 791 3185 l;rl.‚quart.
804 3120 828 3164 ἃ
841 3117 896 3164 sext.
909 3117 1017 3178 vulgati,
1031 3122 1076 3165 hac.

203 3176 283 3225 nescio
297 3190 395 3236 tamen,
417 3196 448 3227 an
463 3181 516 3227 huic
535 3180 635 3243 preferri
651 3180 735 3228 debent
752 3181 823 3227 lerlio
839 3181 886 3229 l’al.
904 3176 947 3229 sec.
966 3180 1075 3240 inquo:

202 3251 284 3302 vitque
295 3244 379 3296 hac,ut
394 3245 444 3289 octe¹
457 3245 552 3297 dicitur,
566 3258 637 3305 parea
648 3245 685 3304 effe
699 3246 729 3290 ad
744 3244 801 3290 scara
815 3244 935 3290 vivendum
950 3258 1076 3299 momentu

201 3303 232 3361 fic
242 3306 286 3354 dyc.
304 3303 394 3353 omillis
405 3307 558 3354 intermediis.
592 3310 679 3357 Grutrr,

236 3374 273 3414 ⁶6.
291 3371 340 3412 llaec
357 3368 385 3427 ess
404 3387 444 3413 non
465 3375 536 3415 ornnr'a
551 3370 668 3431 spernentis
685 3381 759 3431 prater
780 3373 885 3415 virtutem
914 3370 942 3421 ἐπ’
969 3372 1075 3415 viram

201 3429 270 3489 ipfirm
277 3430 325 3488 suis
340 3432 439 3478 laudibus
452 3432 604 3494 nnrplificantis
619 3435 694 3480 orario.
716 3435 812 3495 denique.
832 3433 854 3479 Sl
864 3432 917 3491 quis
927 3432 1035 3480 nostrum
1047 3432 1075 3478 li·

201 3486 270 3543 brmn
281 3489 362 3543 hocin
373 3496 493 3549 locorum
507 3496 559 3547 aliis
570 3496 634 3548 libris
647 3495 774 3555 conseret,
790 3493 897 3555 videbit,
914 3496 985 3547 unius
1003 3496 1074 3541 litera

997 3570 1075 3607 1111111·
