2318 3914
212 116 299 204 2536
400 115 464 183 Du
485 118 573 221 Fris.
593 115 695 219 Bon:
721 138 774 185 ur
802 118 923 185 Mirr:

211 252 245 295 ea
258 235 409 312 principia,
428 255 492 314 quae
504 236 687 311 accepimus,
707 236 905 313 consequentia
927 236 1097 314 exquirere;

210 313 307 388 quoad
322 312 354 372 srt
367 313 413 383 id,
433 313 511 391 quod
525 313 675 383 volumus,
696 313 826 372 effedum
843 333 851 370 ε
870 313 953 389 quod
976 314 1095 391 quidem

212 389 296 465 pluris
309 389 341 448 srt
361 391 436 450 haud
450 390 541 467 paullo
568 392 710 467 magisque
724 390 811 466 ipsum
825 404 940 465 propter
965 389 996 448 se
1014 408 1097 467 expe·

210 466 330 527 tendum
357 467 443 543 quim
466 480 513 526 aut
527 467 632 538 sensus,
651 480 699 525 aut
712 469 835 543 corporis
850 485 906 536 ea,
935 484 1007 543 quae
1027 468 1098 529 dixi·

210 560 290 604 mus:
311 545 407 621 quibus
421 558 529 603 tantum
544 544 652 619 praestat
667 546 768 602 mentis
781 543 917 603 excelens
936 544 1097 619 perfedlio,

212 634 245 680 ut
258 624 306 681 vix
320 623 435 696 cogitari
449 622 546 697 poffit,
566 622 634 697 quid
648 619 760 679 interfit.
778 622 873 697 itaque
887 622 985 679 omnis
993 622 1097 690 honos,
1134 633 1138 642 '

211 699 305 758 omnis
320 699 485 767 adrnirati0‚
505 716 592 756 omne
606 698 752 768 sturliums
792 698 827 755 ad
847 698 984 756 virtutem
1014 700 1045 757 &
1064 696 1098 757 ad
1135 712 1138 756 a

214 793 260 834 eas
273 776 413 845 adiones,
432 794 496 852 quae
510 776 605 833 virtuti
623 775 685 834 sunt
706 774 900 833 consentaneae
917 774 1095 844 ,²refertur:
1136 785 1138 813 l

113 900 124 919 .
160 898 169 914 .
215 870 303 928 eaque
319 854 433 922 onmia,
451 865 579 929 quaeant
599 852 637 910 ita
656 853 684 908 in
706 852 804 910 animis
825 851 910 919 sunt,
932 863 983 909 aut
998 853 1037 910 ita
1050 870 1097 928 ge-

214 942 342 997 runtur,
383 948 441 987 uno
480 930 598 988 nomine
642 928 757 986 honesta
793 928 930 985 dicuntur.
974 946 1097 1004 quorum

212 1007 343 1065 omnium
360 1024 480 1082 quaeque
494 1005 546 1062 lint
561 1006 687 1073 notitias,
708 1022 828 1081 qrraeque
844 1002 1037 1077 fignificentur
1057 1022 1098 1063 re·

211 1101 275 1143 rum
297 1084 461 1151 vocabulis,
488 1100 609 1158 quaeque
631 1083 765 1158 cujusque
787 1082 827 1143 vis
860 1084 891 1138 &
919 1094 1021 1139 natura
1052 1081 1098 1152 fit,

218 1178 289 1218 mox
304 1160 468 1218 videbimus.

145 1242 208 1300 ¹61
257 1237 370 1295 XXII.
393 1239 478 1294 Hoc
507 1255 638 1294 rursu
662 1235 729 1295 loco
763 1233 872 1294 tantiam
907 1234 1096 1310 explicemus;

71 1334 91 1368 ιι
103 1320 149 1364 atis·
165 1314 324 1384 heenhaec,
343 1315 457 1372 lionella
479 1331 544 1390 quae
565 1312 629 1370 dico
647 1356 656 1380 ,
675 1311 959 1389 praeterquamquod
976 1323 1099 1371 nosmet·

71 1380 185 1439 honesta,
222 1391 293 1466 ipsos
322 1392 490 1466 diligamus,
518 1402 651 1464 praeterea
671 1389 764 1464 suapte
787 1386 884 1447 naturd
904 1400 919 1429 ⁰
926 1406 978 1463 per
998 1388 1027 1447 se
1048 1385 1098 1446 elle

72 1458 134 1555 ᾖ·
158 1520 184 1554 er
224 1468 386 1543 expetenda.
412 1468 534 1525 indicant
547 1466 648 1540 pueri:
669 1466 827 1539 inquibus,
850 1464 877 1517 5⁶
886 1477 917 1522 ut
931 1467 962 1522 in
977 1464 1097 1541 speculis,

72 1571 128 1629 ω),
137 1520 320 1620 {mpnatura
349 1547 476 1602 cernitur.
515 1545 629 1617 Quanta
663 1542 749 1600 studia
778 1542 981 1600 decertantium
1020 1539 1099 1600 sunt?

224 1632 325 1696 quanta
346 1621 399 1695 ipsa
421 1620 570 1678 certamina
586 1617 598 1677 ἓ
617 1630 649 1677 ut
668 1618 706 1676 illi
728 1617 887 1698 efferuntur,
899 1617 1016 1689 laetitii,
1036 1616 1098 1676 clun

223 1695 360 1755 vicerint?
381 1709 411 1754 ut
424 1698 509 1771 pudet
525 1694 634 1754 vidos?
653 1695 724 1753 urse
740 1697 857 1754 accusari
870 1692 995 1752 nolunt?
1017 1693 1099 1769 quim

226 1775 341 1848 cupiunt
363 1773 466 1833 laudari
484 1772 495 1830 ἓ
523 1791 593 1849 quos
614 1772 651 1829 illi
671 1772 777 1829 labores
803 1790 862 1830 non
882 1771 1028 1845 perierunt
1045 1814 1053 1841 ‚
1072 1782 1100 1829 ut

226 1851 376 1926 aequalium
394 1851 528 1925 principes
544 1846 616 1907 sint?
635 1866 700 1924 quae
715 1850 853 1907 memoria
867 1847 905 1904 est
925 1847 1013 1923 initis
1033 1847 1100 1906 bend

227 1927 418 1985 merentium?
438 1946 502 2003 quae
520 1926 672 1984 referendae
687 1926 782 1999 gratiae
796 1922 951 1999 cupiditas?
971 1938 1058 1999 atque
1072 1941 1102 1981 ea

226 2004 257 2062 in
271 2005 377 2078 optima
392 2022 502 2080 quaque
515 2002 609 2061 indole
624 2001 747 2059 maximi:
762 2011 902 2076 appar-ent.
921 2000 951 2058 in
967 2018 1026 2077 qua
1045 2002 1104 2059 haec

227 2080 359 2151 honesta,
379 2099 444 2155 quae
464 2080 663 2154 intelligimus,
683 2076 699 2134 ὲ
722 2090 816 2136 natura
837 2090 985 2152 tamqnam
1008 2078 1105 2137 aduru-

227 2157 355 2226 brantur,
374 2157 420 2214 sed
433 2158 495 2214 haec
509 2157 537 2213 in
553 2157 641 2230 pueris
657 2152 785 2229 expressa.

183 2234 219 2292 62
269 2234 299 2291 ln
314 2234 346 2291 iis
360 2232 428 2290 vero
444 2233 584 2299 aetatibus,
605 2248 669 2307 quae
680 2232 740 2306 jam
757 2230 931 2291 confirmatae
946 2231 1031 2303 sunt,
1050 2232 1106 2306 quis

78 2327 97 2379 ρ
115 2308 265 2369 nominisest
278 2320 336 2367 tarn
353 2309 481 2367 diffimilis
493 2309 642 2376 rhomini,
663 2309 783 2383 quinon
799 2319 948 2367 moveatur
971 2312 1002 2366 ὃ(
1018 2308 1106 2369 offen·

78 2376 160 2429 ω·
230 2386 308 2445 sione
321 2384 518 2459 turpitudinis,
539 2387 568 2441 ὃ(
590 2385 821 2458 comprobatione
840 2384 991 2443 honestatis
1009 2384 1022 2443 ἓ
1051 2386 1108 2463 quis

231 2462 285 2530 est,
305 2462 353 2537 qui
368 2480 426 2520 non
440 2462 530 2520 oderit
551 2461 721 2519 libidinosam
738 2505 747 2530 ,
767 2474 925 2535 protervam
949 2461 1110 2523 adolescen-

233 2541 321 2598 tiam?
340 2540 400 2612 quis
414 2537 510 2595 contri
524 2539 552 2595 in
566 2538 609 2595 illa
627 2550 707 2596 notate
721 2540 875 2612 pudorem,
896 2538 1084 2599 constantiam
1100 2582 1110 2608 ‚

234 2616 317 2675 etiam
340 2613 360 2673 li
380 2614 425 2674 sua
439 2615 506 2674 nihil
526 2612 652 2685 interfit,
672 2633 731 2675 non
751 2628 846 2675 tamen
868 2613 990 2691 diligat?
1015 2616 1111 2693 saquis

1002 2692 1112 2754 Pullum

234 2847 402 2897 emendatione
413 2848 487 2898 lartlli
499 2847 610 2899 Manutii.
630 2851 692 2913 prius
702 2847 766 2897 enim
781 2845 903 2910 legebatur
910 2848 1016 2959 panim.
1051 2850 1115 2899 Nihil

234 2915 307 2976 itaque
317 2914 410 2974 amplios
420 2915 512 2970 nostrum
523 2914 550 2974 est
557 2932 564 2970 3
582 2913 682 2973 quod&
694 2914 718 2960 in
732 2911 789 2960 l'all.
802 2911 844 2959 nisr
860 2926 908 2972 quo

235 2978 268 3022 its
280 2979 374 3037 amplius
383 2977 475 3035 nastrum
488 2977 528 3035 est,
542 2979 598 3039 qrrod
608 2981 686 3023 iterum
697 2979 743 3021 dira
759 2977 804 3026 dre.
835 2978 929 3024 Gruter.

271 3048 308 3093 5⁶.
324 3046 358 3084 vr
373 3043 395 3087 in
408 3040 515 3102 viriculis,
530 3055 608 3085 natura
622 3042 725 3087 cernitur.
755 3051 835 3102 quanta
846 3038 922 3097 studia
933 3042 995 3100 &ul
1027 3039 1114 3090 Nollet

238 3098 280 3147 ille
291 3102 392 3163 Scaliger
403 3105 431 3150 ad
443 3118 509 3152 oram
520 3103 574 3151 libri
584 3101 617 3149 l'ui
627 3103 719 3166 pinxit:
730 3102 822 3166 speculis
833 3116 927 3159 aarum,
937 3108 1037 3153 cernitur
1046 3120 1116 3171 qua·

241 3162 330 3222 tastud.
348 3164 458 3217 delicate.
492 3168 558 3215 Idem.

271 3241 309 3281 5⁷.
326 3228 385 3290 Qis
393 3234 481 3276 Pullum
493 3234 647 3287 Numitorem]
679 3232 767 3277 Pullum
784 3226 813 3276 de
823 3228 899 3276 Pallio
911 3227 1006 3279 failum
1017 3230 1116 3286 volunt,

240 3295 266 3342 ἃ
281 3302 362 3337 verum
381 3292 428 3340 elle
448 3299 473 3342 P.
490 3299 577 3344 Numit.
599 3297 721 3343 Camerar.
754 3294 813 3355 Qis
833 3293 938 3340 Paullum
959 3298 1117 3351 Nuntium]

242 3353 336 3419 Opinor
346 3354 473 3417 legendum
485 3361 575 3405 Pullum
586 3360 736 3404 Numitorium
742 3356 786 3414 ,de
796 3371 845 3418 quo
855 3357 880 3404 in
887 3354 928 3404 lib.
941 3371 974 3406 rr.
992 3358 1115 3407 delnven·

241 3421 309 3467 tione
320 3416 351 3463 lic
361 3418 449 3467 lctibit:
465 3428 524 3467 Nam
534 3425 557 3468 in
566 3423 644 3482 senatu
655 3422 680 3471 d*
691 3423 714 3467 in
725 3421 808 3479 confilio
823 3422 850 3466 de
860 3422 1002 3482 Syphacediu
1012 3423 1116 3469 delium·

238 3480 324 3541 inanest
334 3484 360 3535 d·
370 3483 397 3530 de
405 3484 438 3541 Ξ).
448 3488 573 3536 Numitorio
583 3486 647 3535 Pullo
656 3485 714 3549 apud
723 3488 752 3539 L.
764 3485 874 3549 Opimium
885 3516 894 3544 ‚
910 3483 937 3539 ὰ
948 3486 997 3547 ejas
1006 3485 1115 3595 confilidnps

1101 3560 1114 3593 ι

941 2928 1033 2979 quarn·
1057 2914 1113 2961 nibil
