2318 3914
213 146 295 232 2284
385 147 586 210 Acunum.
608 141 919 226 Qonsrrouun

208 252 298 326 pitem
311 247 407 308 locum
420 265 479 308 non
493 246 592 307 debeat
605 247 632 308 se
645 246 749 326 sapiens
761 249 950 309 committere.
981 243 1084 308 noan:

210 336 293 396 tem,
313 327 433 386 omnino
455 323 523 384 nihil
544 320 620 394 effe,
640 325 718 402 quod
737 327 841 403 percipi
860 323 967 402 poffir,
995 322 1013 382 d
1032 339 1086 382 me

209 398 366 479 sumpsero,
385 404 432 470 ὅτ,
452 399 530 478 quod
543 412 575 458 tu
589 402 658 461 mihi
672 402 734 472 das,
754 418 906 478 accepero,
925 399 1090 476 sapientem.

211 480 279 540 nihil
299 480 428 556 opinari:
449 474 580 542 effeuum
607 477 673 537 illud
695 479 746 537 erit
762 522 770 547 ,
789 477 938 555 sapientem
965 472 1058 535 aliens

212 573 312 615 omnes
326 553 528 614 cohibiturum:
549 565 580 611 ut
593 554 640 613 tibi
655 554 808 614 videndum
822 552 877 624 fit,
893 551 961 612 idne
983 551 1084 622 malis,

210 648 247 691 an
268 630 370 708 aliquid
391 631 566 706 opinaturum
588 627 641 689 effe
662 630 820 706 sapientem.
858 640 1016 698 neutrum,
1037 629 1085 687 in·

210 709 313 785 quies,
335 707 457 776 illorum.
493 707 614 766 nitamur
625 761 627 765 ,
639 707 742 782 igitur,
768 706 837 767 nihil
853 700 939 789 'porse
966 704 1085 780 percipi.

211 785 317 843 etenim
333 783 368 843 de
383 801 418 842 eo
432 783 524 843 omnis
538 783 574 841 est
589 783 781 843 controverfia.
870 824 872 829 -
943 836 946 850 ,
1081 798 1092 829 ἰ

59 920 60 925 ,
164 845 222 922 ⁶9.
250 859 340 918 XXII.
360 859 430 919 Sno
454 878 568 918 rurus
590 877 677 936 pauca
691 877 756 918 cum
770 859 934 928 Antiocho,
953 857 1004 934 qui
1017 856 1085 916 haec

59 927 85 975 ¹·
100 924 186 1007 mu·
212 935 284 1011 ipsa,
304 928 398 1013 qual
414 952 461 994 me
475 934 676 1004 defenduntur,
695 936 833 995 &didicit
847 936 919 1010 apud
932 933 1086 992 Philonem

213 1013 359 1080 tamdiu,
386 1023 417 1070 ut
438 1010 572 1071 constaret
592 1011 690 1071 diutius
712 1009 831 1070 didiciiie
851 1011 1024 1078 neminem,
1052 1009 1087 1087 ὃς

211 1086 312 1162 scripsit
325 1088 360 1146 de
373 1087 413 1145 his
427 1087 505 1145 rebus
519 1086 668 1147 acutiffime
683 1085 906 1156 ,-&'idem'haec
920 1104 981 1144 non
993 1083 1084 1144 actim

212 1163 346 1222 accusavit
384 1164 412 1221 in
452 1163 590 1222 sened'rute
626 1163 711 1239 quim
746 1162 827 1231 antei
860 1161 1087 1221 defenlitavemt.

213 1240 349 1314 Quamvis
363 1239 445 1312 igitur
458 1239 540 1298 fucrit
551 1252 662 1307 acutus,
682 1251 713 1298 ut
726 1241 794 1299 fuit:
814 1251 907 1298 tamen
923 1236 1086 1309 inconstan-

212 1316 252 1375 tiu
266 1315 369 1373 levatur
383 1313 536 1373 auctoritas.
574 1313 603 1355 ⁸⁶
611 1318 687 1391 quis,
706 1317 838 1392 inquam,
858 1316 933 1372 enim
955 1311 1005 1371 iste
1025 1313 1086 1381 dies

215 1391 347 1458 illuxerit,
368 1407 483 1466 quaero,
502 1393 550 1466 qui
565 1391 602 1449 illi
617 1391 764 1450 ostenderit
777 1409 858 1460 eam,
877 1405 960 1465 quam
977 1388 1087 1447 multoe

62 1463 190 1544 y'neglraq-
217 1463 372 1527 annoselic
384 1465 571 1541 &negavilien
591 1467 649 1525 veri
670 1468 699 1525 ἃ
719 1466 777 1526 falfi
797 1479 902 1526 notam.
927 1465 1088 1550 '‘excogita-

64 1524 189 1579 ’ΨΜ
217 1545 258 1603 vit
271 1541 395 1616 aliquid:
416 1542 514 1600 eadem
532 1542 621 1611 dicit,
645 1560 709 1618 quae
732 1542 839 1602 Stoici:
865 1553 994 1618 poemturt
1015 1556 1087 1599 eum

215 1619 260 1680 illa
273 1613 386 1693 sensilie.
425 1634 474 1674 cur
486 1635 545 1676 non
565 1616 592 1673 se
613 1618 746 1677 transtulit
759 1619 793 1676 ad
811 1619 893 1684 alios,
914 1619 943 1673 dc
956 1614 1087 1675 maxime

195 1695 250 1762 ,ad
266 1691 395 1751 Stoicos'?
416 1710 524 1750 corum.
537 1693 612 1749 enim
633 1705 690 1752 erat
711 1696 818 1768 propria
840 1691 923 1750 trista
946 1690 1088 1750 dilienfio.

214 1766 339 1843 ssssquid?
360 1785 425 1825 eum
446 1768 599 1826 Mnesarchi
619 1768 796 1842 poenitebat?
816 1766 909 1844 quid?
930 1767 1087 1827 Dardani?

214 1845 263 1918 qui
277 1857 353 1901 erant
368 1844 484 1902 Athenis
495 1856 555 1903 tum
572 1845 706 1918 principes
720 1844 885 1903 Stoicorum.
925 1859 1085 1917 numquam

215 1919 231 1977 u
247 1919 361 1977 Philone
375 1917 504 1988 disceliit,
523 1917 572 1977 nifi
586 1919 763 1997 posteaquum
778 1919 832 1995 ipse
847 1919 948 1994 coepit,
987 1920 1039 1995 qui
1058 1919 1087 1977 se

214 1992 356 2064 audirent,
376 1994 483 2053 habere.
1114 2047 1117 2053 .

56 2082 63 2147 ,¹
167 2097 205 2154 70
254 2070 339 2129 Unde
353 2082 447 2127 nutem
461 2066 548 2139 subito
562 2081 640 2135 vetus
654 2071 807 2130 Academia
821 2080 948 2130 revocata
962 2069 1086 2133 eil->no-

126 2162 144 2177 ¹
215 2145 297 2226 minis
311 2144 472 2218 dignitatem
487 2142 611 2213 ¹ridetur,
627 2145 691 2204 chm
706 2145 722 2203 i
738 2165 766 2204 re
780 2147 833 2225 ipsa
846 2144 1020 2215 descisceret,
1042 2163 1087 2205 re·

214 2220 301 2287 tinere
317 2215 446 2288 voluiffe3
468 2216 497 2273 ⁸9
504 2218 582 2297 quud
596 2237 672 2280 erant
685 2223 733 2300 qui
745 2222 822 2282 illum
837 2223 933 2299 gloriae
948 2221 1028 2281 cauli
1042 2223 1084 2283 fa·

1036 2317 1083 2361 ce-

211 2440 262 2498 suo.
283 2459 342 2497 nam
361 2445 420 2497 Pali.
437 2440 550 2498 recedunt
571 2449 693 2516 vulgato,
723 2447 765 2501 nid
782 2447 849 2514 quod
868 2448 894 2499 in
908 2448 988 2513 primo
1007 2452 1083 2502 eriam

213 2508 356 2621 ignipoffin
371 2525 396 2559 ur
405 2523 459 2561 rum.
476 2525 500 2561 ar
512 2516 533 2563 S.
545 2512 646 2564 Vitroris
654 2514 796 2565 membrana
808 2549 816 2572 ,
830 2525 855 2563 nr
870 2512 933 2574 causa
944 2517 1082 2578 praenitere.

240 2583 309 2623 muer.
566 2614 567 2619 ,

227 2691 230 2696 ¹
245 2641 282 2682 86.
300 2636 542 2701 Qs,inqum,frrim
551 2632 641 2748 “stedies
651 2641 763 2695 illuxerit,
770 2637 897 2700 queransu
904 2636 1000 2699 vulgati.
1009 2641 1085 2688 Lam·

213 2695 282 2745 binus
293 2697 379 2756 eiecit,
393 2701 494 2761 inquam,
510 2694 549 2747 sua
559 2712 588 2752 u.
596 2702 687 2772 inquit,
697 2699 748 2751 mss.
756 2699 839 2764 quibus
850 2699 935 2747 aberat.
958 2697 1038 2748 nescio
1051 2715 1085 2750 an

212 2772 390 2823 ruquequaque.
412 2774 469 2809 nam
479 2764 500 2809 S.
512 2761 612 2823 Vilioris
623 2763 681 2813 lrber
695 2764 784 2820 habet,
799 2762 912 2826 quisquam
923 2767 979 2808 enim
990 2765 1037 2808 dies
1048 2764 1086 2825 iste

214 2823 252 2870 ill.
270 2821 318 2871 Pal.
330 2836 363 2884 pr.
375 2820 432 2871 facit
447 2836 591 2885 prorecepra
600 2823 716 2888 scriptura.
732 2824 843 2875 sccundus
856 2825 928 2872 eriam
936 2840 945 2879 i
962 2820 1005 2872 nisi
1016 2827 1094 2889 quod.

213 2881 299 2932 habeat
312 2886 362 2940 ille,
377 2899 427 2933 non
438 2885 483 2943 rste.
498 2880 607 2947 scriptum
618 2888 811 2951 ibidemquoque
822 2893 895 2942 Deus,
909 2887 966 2934 loco
978 2886 1107 2943 dies,sed,.

214 2946 293 2994 statim
304 2944 409 2995 deletum
420 2944 474 2997 fuir.
490 2943 554 3011 forre
562 2949 740 3011 reponendum:
756 2948 857 3014 quinam
866 2952 923 2996 enim
938 2948 977 3008 ilie
991 2951 1039 2997 dies
1053 2953 1091 2999 ii·-

213 3011 295 3055 luxerit
304 3025 380 3071 quaro.
412 3008 487 3058 idem.
603 3022 619 3073 Ἰ
1090 3050 1094 3055 -

245 3077 281 3126 87.
300 3071 342 3127 ista
352 3071 464 3129 adsensio]
480 3075 539 3121 Non
550 3073 616 3135 potui
625 3071 748 3123 excludere
758 3071 823 3135 quod
839 3073 976 3122 inveneram
988 3075 1012 3124 in
1024 3075 1084 3128 rut.

213 3134 240 3182 δι
252 3131 380 3201 §Videris
388 3151 396 3189 5
413 3134 672 3203 uriqueconsrfmarum
682 3137 787 3184 editione
804 3140 827 3184 1’.
841 3136 935 3185 vichorii
948 3169 956 3190 ,
972 3141 1085 3197 quamvis

213 3208 269 3242 eum
281 3209 353 3241 nemo
368 3194 457 3243 secutus
471 3196 559 3253 fuerit,
575 3213 625 3247 non
638 3199 802 3251 Camerarius,
818 3213 868 3246 non
883 3199 1015 3257 sturmius,
1032 3217 1085 3251 non

215 3259 270 3311 alii3
286 3257 327 3319 qui
337 3254 525 3318 repraesentarunt
535 3259 664 3317 Aldinum,
679 3263 775 3320 desenfio.
806 3261 873 3309 Idem.

248 3327 285 3367 88.
303 3320 367 3380 Qid
377 3336 425 3365 eam
435 3320 557 3380 Mnesarchi
564 3326 695 3386 puniceum]
713 3325 777 3385 Qr'd
786 3325 842 3370 enim
854 3332 866 3370 ἒ
883 3324 1004 3385 Mnefirrchi
1014 3329 1095 3388 peuri·¹

214 3384 284 3437 uun,
301 3381 334 3429 ira
347 3379 414 3429 estin
426 3380 505 3432 codice
516 3386 683 3449 manuscripto.
712 3386 785 3441 vrfin.
856 3442 860 3449 Ι

248 3453 285 3510 ⁸2·
301 3445 369 3508 Qod
378 3457 438 3494 erant
448 3449 488 3511 qui
496 3447 555 3497 illua
560 3450 635 3511 gloria
645 3447 707 3510 cariffi
714 3447 830 3511 ficetum]
850 3448 934 3504 Veneti
953 3451 1020 3500 illum
1028 3449 1086 3564 bha.

116 3549 121 3559 ι

207 3562 214 3570 Α
