2318 3914
208 145 296 226 2386
402 140 464 207 Dr
485 138 573 205 Fau.
595 135 696 201 Bou.
717 142 768 200 ετ
791 135 907 202 Mne.

212 252 258 313 ille
272 271 332 312 non
346 253 504 328 pertimuit,
523 248 641 326 saneque
655 249 771 309 fidenter
786 293 795 319 ,
822 250 879 308 ntis
893 249 1008 327 quidem
1023 252 1082 329 ipfis

212 331 318 398 verbis,
337 331 449 407 inquit:
470 328 516 387 sed
536 329 601 402 quid
629 326 726 385 sentiat
756 345 817 385 non
840 328 945 385 videtis.
985 329 1013 387 Si
1032 331 1083 389 alia

158 432 161 443 ·
209 403 314 476 sentit,
333 408 472 484 inquam,
491 406 542 463 alia
560 403 706 479 loquitut;
732 422 886 479 numquam
908 405 1086 482 intelligam,

61 496 79 545 ir
95 491 183 546 iutelli-
233 483 281 541 uid
294 483 404 543 sentiat:
425 483 470 542 sed
486 480 566 557 plane
579 481 646 539 dicit
662 523 670 548 ,
690 482 768 557 quod
782 480 964 555 ”intelligam
997 483 1083 560 idque

61 559 162 622 pitres.
212 499 284 618 zita
297 560 381 631 dicit,
401 578 460 620 non
474 557 527 617 effe
548 558 789 632 reprehendendos
808 558 984 629 luxuriosos,
1004 559 1024 618 fi
1044 560 1084 618 sa-

111 709 180 763 incid
212 636 319 771 pienths
335 636 490 772 fidnt,ddiqi›t
505 632 632 768 absurqe:
653 634 860 769 zibffffltbr'fib
869 633 999 770 fi'dd'ibatt’
1019 655 1082 696 non

61 727 79 762 ⁰
182 748 188 762 .

60 727 139 828 με’·
211 728 660 860 qqqrsenqqtmeaqtqsnepaqurgqtealq,
679 805 732 846 nec
746 729 890 847 dglorerdl
909 729 1083 860 r&nm,nquqq

209 867 277 942 quid
290 868 387 925 attinet
399 865 541 926 luxuriofis
555 864 638 923 ullam
653 867 849 941 exceptionem
865 864 921 924 dari
937 908 946 935 ,
966 878 1015 924 aut
1029 865 1082 926 fin·

210 960 275 1019 gete
289 945 411 1020 aliquos,
431 945 502 1020 qui,
523 941 588 1000 cum
603 941 739 1003 luxuriose
759 944 911 1010 viverent,
932 941 948 1000 a
967 941 1079 1002 summo

59 991 375 1107 ssffffidqphilosopho
389 1039 449 1079 non
463 1018 727 1096 reprehenderentur
741 1037 777 1078 eo
792 1019 927 1087 nomine,
947 1018 1081 1080 duntaxat

59 1122 130 1171 hub
208 1107 321 1155 acereta
337 1095 488 1157 caverent?

96 1219 100 1229 .
129 1156 137 1175 ⁰
161 1199 198 1240 22
246 1172 301 1231 Sed
321 1185 417 1233 tamen
437 1192 532 1233 nonne
553 1172 781 1248 reprehenderes,
801 1172 938 1247 Epicure,
955 1171 1082 1234 luxurio·

206 1245 249 1308 fos
264 1248 377 1309 obeam
392 1251 476 1326 ipsam
492 1249 617 1319 causam,
636 1249 714 1326 qubd
728 1250 765 1308 ita
779 1250 922 1316 viverent,
942 1260 974 1307 ut
989 1249 1081 1324 perse·

207 1339 358 1400 querentur
371 1326 584 1403 cujusquemodi
596 1326 773 1401 voluptates;
795 1324 860 1383 edm
881 1324 947 1383 effer
966 1326 1081 1401 praeset-

206 1402 277 1470 tim,
297 1414 328 1486 ut
342 1403 379 1461 ais
392 1416 439 1472 tu,
458 1405 565 1461 summa
580 1403 706 1478 voluptas
720 1402 787 1461 nihil
800 1400 915 1460 dolere?
936 1402 1025 1479 Atqui
1034 1421 1079 1462 re·

106 1548 109 1555 .
202 1477 340 1552 periemus
354 1479 443 1540 asotos
457 1479 578 1555 primhm
590 1481 629 1539 ita
647 1496 707 1538 non
727 1476 889 1554 religiosos,
908 1477 939 1520 ²⁸
947 1492 979 1538 ut
994 1478 1078 1616 edaqrt

1060 1574 1080 1616 e

235 1727 273 1768 2⁶.
291 1720 402 1767 Similiter
412 1722 459 1779 rh]
474 1725 535 1778 aut,
546 1721 651 1780 fimttrm
662 1730 701 1778 ur,
717 1719 845 1784 legendum
855 1718 965 1777 videtur,
982 1731 1022 1770 aut
1034 1736 1077 1771 ve·

202 1791 264 1830 teres
271 1783 375 1840 fimiiirer
385 1787 418 1833 ita
429 1800 483 1833 eum
493 1787 519 1838 b·
531 1783 629 1847 junxiffe
641 1817 648 1839 ‚
663 1795 688 1830 ut
701 1799 755 1833 eum
771 1803 813 1840 ac,
828 1798 891 1846 arque
904 1816 911 1839 ,
927 1796 971 1839 ur,
988 1796 1076 1848 putan-

204 1841 263 1892 dum
274 1844 313 1895 est.
331 1847 396 1910 quod
408 1848 528 1897 interdum
541 1846 653 1912 suspicor:
669 1858 770 1910 utpote,
785 1862 840 1896 cum
854 1845 912 1912 saepe
924 1847 1076 1897 animadver-

204 1909 291 1964 terim,
307 1926 362 1972 aeque
381 1912 407 1964 dr
428 1909 537 1974 scripturn
550 1912 575 1959 in
586 1910 689 1971 antiquis
700 1909 782 1967 libris,
799 1908 837 1958 ubi
849 1909 880 1958 est
896 1910 920 1957 iu
937 1910 1076 1959 recentiori-

205 1966 267 2027 bttS,
284 1988 338 2035 eque
348 1986 379 2021 ut.
399 1978 420 2023 P.
434 1980 527 2023 Manet,
544 1976 693 2025 Similiter&
707 1974 727 2031 fi
741 1976 820 2031 dican]
835 1970 1001 2030 scribendum,
1017 1989 1043 2020 ar
1054 1975 1076 2033 fi

150 2051 153 2056 ·
204 2035 278 2080 dicar.-
295 2038 320 2085 &
331 2037 412 2097 paullo
424 2037 489 2099 post,
503 2039 554 2084 dum
566 2051 631 2083 cetera
641 2051 756 2094 caverent,
773 2052 816 2101 pto
827 2039 939 2085 duntaxat.
969 2035 1073 2087 Urfinus.

205 2098 352 2150 similiare
365 2101 472 2158 fidicen]
502 2100 570 2149 Nihil
586 2099 676 2148 variant
688 2101 745 2148 Pall.
757 2101 800 2149 nm
817 2098 883 2162 quod
895 2112 947 2147 tert.
961 2103 1028 2146 eriam
1044 2102 1074 2159 fi.

205 2161 328 2208 Turnebus
338 2162 398 2211 libro
409 2178 503 2212 xxviii.
516 2177 567 2225 cap.
576 2178 611 2220 34.
629 2162 661 2208 ait
672 2163 789 2226 peripicue
801 2162 994 2218 emendandum,
1008 2163 1075 2220 fimi·

203 2223 255 2269 liter
265 2240 290 2267 ac
295 2226 316 2282 st
325 2228 391 2274 dicar.
407 2227 490 2273 malim
501 2241 560 2289 ego,
572 2226 675 2282 fimr'tirer
684 2240 714 2272 ur.
732 2224 875 2288 deprehendi
885 2226 950 2273 enim
964 2223 1021 2287 sepe
1030 2226 1076 2274 de-

205 2283 370 2339 flestiuriw,
386 2302 410 2335 ut
416 2302 469 2336 eece
476 2288 536 2336 infra
542 2302 592 2350 cap.
602 2305 637 2336 ιο,
652 2286 812 2347 ubiest,fimul
821 2302 845 2335 ur
856 2304 926 2337 orrum
937 2286 964 2347 epe
972 2292 1074 2345 animal,

204 2348 328 2408 &seipsum
339 2353 372 2401 dr.
385 2349 437 2399 rnff.
449 2352 539 2413 aliquot
546 2352 612 2409 fimul
622 2353 648 2402 dr
659 2366 729 2397 orrum
739 2360 783 2403 (γε.
804 2350 870 2400 ldem
881 2349 1001 2399 Turnebus
1011 2366 1073 2401 mox

205 2409 326 2473 pauloque
337 2413 399 2474 post,
416 2417 520 2460 duntaxat
532 2427 597 2460 cetera
606 2428 717 2471 caverent,
733 2417 766 2463 a'tt
777 2415 867 2471 valere,
884 2414 944 2462 modi
952 2425 1021 2462 cetera
1038 2433 1074 2462 ca·

206 2474 280 2521 verint
287 2490 295 2529 3
311 2488 395 2522 rantum
405 2490 471 2523 cetera
481 2492 585 2527 caverent.
620 2481 713 2526 Gruter.

238 2551 277 2592 27.
294 2540 322 2584 Si
333 2556 368 2586 nec
377 2540 450 2601 cupidi
455 2541 498 2599 sint
511 2573 519 2597 ,
535 2558 571 2587 nec
586 2542 634 2586 deos
650 2553 762 2597 metuant,
777 2559 812 2587 nec
829 2553 936 2596 mortem,
961 2558 997 2590 ner
1012 2544 1050 2588 dol
1062 2567 1073 2580 ·

205 2604 270 2656 mm]
285 2603 362 2649 Totus
376 2603 412 2651 hic
422 2604 488 2651 locus
499 2602 638 2666 prepostero
649 2602 773 2653 verborum
785 2603 868 2652 ordine
879 2605 912 2652 ita
925 2603 1073 2666 perturbatus

205 2659 252 2717 est,
269 2676 294 2711 ut
313 2665 396 2715 elicere
409 2666 550 2714 sententiam
565 2667 633 2714 nullo
653 2667 729 2715 modo
744 2667 822 2717 liceat.
855 2670 898 2723 δι,
914 2682 945 2714 ne
955 2668 1073 2719 letiorem

205 2725 287 2774 multis
298 2740 388 2784 morer,
403 2727 473 2777 verba
482 2730 585 2778 recitabo
598 2763 606 2786 ‚
621 2745 670 2778 non
680 2744 706 2779 ut
717 2731 825 2794 leguntur
834 2730 859 2778 in
871 2730 981 2778 omnibus
992 2731 1072 2788 libris,

203 2784 243 2835 sed
254 2800 279 2836 ut
290 2789 379 2840 ridetur
388 2790 502 2841 ientenria
512 2793 635 2855 postulare.
668 2796 691 2841 Si
702 2795 734 2840 ita
744 2794 815 2850 dicit,
829 2810 878 2841 non
890 2790 936 2841 esse
946 2794 1073 2857 reprehen-

204 2848 296 2900 dendos
311 2852 459 2910 luxuriosos,
481 2854 558 2903 finer
580 2870 607 2903 eu
625 2855 657 2903 idi
675 2854 740 2912 smt,
763 2854 874 2904 necdeos
884 2866 1010 2912 metuant,
1028 2872 1073 2906 nee

204 2927 321 2971 mortem,
338 2933 382 2964 nec
392 2918 515 2973 dolorem;
532 2918 588 2966 dicit
600 2872 714 2974 absurde3
730 2918 838 2968 fimiliter
852 2917 907 2968 &fi
922 2920 1002 2973 dicat,
1021 2935 1072 2970 non

204 2978 410 3038 reprehendendos
421 2981 545 3044 parricidas
557 3014 564 3036 ‚
580 2980 597 3028 si
612 2980 726 3045 sapientes
737 2982 789 3031 srnt.
822 2984 929 3038 etenim,
946 2982 1004 3044 quid
1016 2985 1074 3033 atti-

204 3052 246 3087 net
258 3041 380 3091 lururiotis
390 3045 464 3092 ullam
476 3046 642 3108 exceptionem
652 3044 707 3092 dare
719 3048 726 3092 i
744 3059 782 3094 aut
794 3044 883 3108 fingere
897 3047 1003 3107 aliquos,
1021 3049 1072 3109 qui,

204 3115 259 3150 eum
276 3103 392 3153 luxuriose
408 3109 531 3162 viverent,
552 3121 627 3155 cetera
643 3122 772 3164 caverent,
792 3107 806 3155 *a
823 3112 916 3156 tunimo
926 3107 1073 3172 philosopho

204 3179 255 3215 non
266 3167 487 3228 reprehenderentur
498 3185 527 3218 eo
539 3172 638 3219 nomine
648 3171 775 3219 duntaxat?
783 3169 821 3219 sed
832 3185 913 3218 tamen
924 3187 1007 3221 nonne
1023 3176 1072 3224 &e

207 3230 274 3291 Lego
286 3242 377 3286 autem,
396 3247 438 3279 nec
453 3232 586 3282 dubitanter
601 3236 658 3296 quin
674 3236 751 3288 rethe,
766 3238 842 3280 etenim
856 3238 911 3297 quid
925 3239 1017 3292 aerina,
1033 3235 1076 3286 ubi

207 3288 277 3338 estin
288 3295 398 3341 omnibus
408 3295 484 3350 libris,
501 3297 527 3348 dr
538 3309 608 3343 tamen
617 3299 672 3360 quid
680 3311 720 3344 arr.
738 3301 761 3344 Ρ.
769 3301 863 3346 Manut.

240 3362 277 3403 28.
294 3361 326 3400 vr
339 3360 403 3405 edant
412 3361 437 3403 de
445 3360 545 3420 puelle]
574 3361 630 3408 Pali.
643 3375 675 3422 pr.
690 3362 766 3413 edent,
783 3357 837 3407 eum
847 3372 929 3409 tamen
940 3363 1002 3424 prius
1014 3378 1075 3425 prae·

208 3427 271 3468 terea
285 3417 317 3465 ibi
327 3417 404 3468 fuitset
413 3422 480 3469 litera
491 3425 513 3477 ι’,
525 3424 601 3472 edient.
617 3421 664 3471 scio
673 3422 732 3469 illud
743 3425 914 3479 horatianum,
931 3428 985 3472 Edit
996 3432 1074 3476 sicaris

206 3482 412 3542 alternarentur
430 3483 469 3535 scd
478 3498 510 3535 atr
519 3487 543 3536 id
553 3485 605 3537 heic
614 3484 703 3538 intrudi
712 3483 795 3537 debeat
811 3485 897 3547 nescio,
915 3493 1005 3545 Gruter.
1050 3506 1056 3519 ·

984 3569 1023 3614 29.
1040 3560 1077 3607 De
