2318 3914
151 174 156 181 ·
252 148 347 236 v2308
416 128 1024 236 sacrorn.opinionon¹

263 272 350 319 artem
365 258 479 323 vestram
497 303 505 329 ,
525 249 579 335 qus
599 276 662 316 vera
686 260 724 316 δι’
736 258 796 316 salsa
817 257 997 332 dijudicent?
1019 240 1081 320 Sed

261 333 323 395 sunt
336 338 440 396 lumina
452 335 526 403 duo,
546 352 609 409 quae
624 333 744 392 maxime
759 335 864 393 causam
878 335 956 392 istam
972 339 1077 396 contin
1108 338 1111 343 '

260 413 380 484 ptimbm
396 414 469 471 enim
485 413 587 486 negatis
601 410 659 469 fieri
672 409 769 485 posse,
797 424 826 468 ut
839 413 985 486 quisquam
1000 413 1076 472 nulls

158 510 161 514 ⁴
261 485 422 547 assentiatur.
461 488 501 546 At
521 487 549 544 id
563 487 675 562 quidem
690 486 860 562 perspicuum
875 487 926 543 esi:
948 487 1016 546 cinn
1033 490 1093 555 Pan

260 565 335 634 tius,
357 568 484 640 ¹princeps
503 565 613 639 prope,
640 581 706 621 meo
725 563 839 638 quidem
864 563 972 640 judicio
988 605 1002 634 ,.
1020 565 1121 627 Stoico

261 656 347 711 rum,
368 659 399 699 ea
414 640 447 699 de
462 658 490 698 re
506 640 626 697 dubitare
643 640 668 697 se
683 639 771 708 dicat,
791 658 873 714 quam
889 657 1008 708 omnes,
1031 648 1122 716 praete't

108 721 128 771 d
148 716 343 785 stamini-eum,
364 718 448 776 Stoici
462 715 632 774 certissimam
648 727 759 789 putant,
780 733 843 773 vera
865 713 918 772 esse
930 714 1122 793 dharuspicum

108 787 147 834 ⁶5²
157 784 208 832 Μ·
261 793 375 868 auspicia
391 792 532 870 „oracula
547 833 554 859 ,
567 789 701 860 somnia,
728 793 935 853 vaticinationes
950 834 959 859 ‚
988 793 1080 870 seque
1095 794 1121 853 ab

106 851 237 959 meib
262 866 362 928 assensu
375 868 507 928 sustineat.
544 866 631 942 Quod
653 869 673 925 is
693 867 780 940 potest
802 869 890 925 facere
911 869 967 925 ede
982 870 1017 928 iis
1033 871 1122 940 rebus,

110 973 186 1022 “tt
261 945 545 1080 institerit
558 942 1122 1095 iustruit[restituturus

109 1099 126 1150 s
137 1099 240 1172 immo·—
261 1038 338 1170 qsmd
359 1097 476 1172 positum
486 1039 541 1153 quel
561 1094 755 1170 fimprobate,
783 1095 826 1152 vei
846 1096 998 1169 approbare
1021 1041 1122 1174 psiffit:

109 1160 230 1233 baretel·
263 1173 376 1231 dubitari
388 1191 446 1232 non
462 1170 567 1248 poffit?
594 1184 671 1230 antu
692 1172 720 1229 in
735 1170 819 1228 soritis
834 1173 933 1246 potetis
954 1173 1014 1231 boc
1032 1217 1041 1245 ,
1061 1174 1122 1234 cunt

108 1223 232 1337 ffibffl
262 1248 352 1306 voles:
373 1249 416 1307 ille
430 1251 458 1308 in
471 1248 578 1324 reliquis
593 1248 670 1305 rebus
683 1266 739 1305 non
754 1248 854 1322 poterit
867 1247 970 1306 eodem
979 1251 1074 1310 modo
1085 1253 1123 1311 in·

178 1320 185 1363 ·'
260 1321 366 1392 fistere,
386 1325 532 1400 praesertim
547 1323 610 1381 citm
626 1323 706 1398 posstt
719 1323 774 1381 fine
788 1319 935 1381 assensione
949 1325 1040 1399 ipsam
1057 1328 1123 1387 veti·

108 1456 121 1476 k
196 1399 248 1461 108
261 1397 463 1459 similitudinem
478 1419 536 1460 non
550 1400 710 1474 impeditam
724 1397 954 1474 sequiisilterum
970 1402 1028 1472 est,
1048 1402 1122 1476 quot

259 1477 362 1550 negatis
378 1478 517 1537 astionem
532 1477 609 1533 ullius
623 1476 661 1533 rei
674 1471 749 1550 posse
764 1477 792 1533 in
807 1491 842 1532 eo
858 1473 932 1544 esse,
952 1479 1004 1550 qui
1020 1478 1122 1539 nullan

257 1568 317 1610 tem
333 1550 433 1611 assensu
447 1555 495 1611 suo
510 1551 680 1626 comprobet.
719 1549 837 1624 primum
852 1552 925 1609 enini
943 1553 1124 1630 videtiopot·

257 1639 321 1703 tet,
341 1630 446 1704 inquo
467 1629 498 1686 stt
519 1630 601 1687 etiam
630 1623 751 1686 assensus.
789 1625 884 1686 dicunt
910 1629 986 1686 enim
1012 1630 1122 1703 Stoici,

161 1750 199 1757 ...
257 1701 345 1762 sensus
359 1705 428 1778 ipsos
441 1703 554 1763 assensus
566 1701 634 1761 esse:
654 1720 723 1779 quos
745 1704 876 1779 quoniam
898 1705 1034 1778 appetitio
1053 1722 1122 1767 con·

255 1777 398 1913 sepluatur,
418 1780 556 1839 astionem
571 1778 653 1855 sequi.
690 1778 749 1837 tolli
770 1791 863 1838 autem
885 1780 1006 1850 omnia,
1026 1781 1048 1841 si
1069 1780 1121 1843 vise

256 1867 287 1913 to
308 1870 394 1914 antur.

109 1946 247 2011 praeeant.
295 1934 428 1991 XXXIV.
447 1933 551 1991 artic
572 1949 618 1989 nr
637 1931 708 1990 rein
722 1941 868 2008 utramque
901 1943 987 1991 artem
1004 1934 1037 1992 ὃς
1051 1934 1119 1994 ditia

258 2009 319 2068 sunt
339 2012 368 2068 ὃ(
388 2010 482 2084 scripta
505 2009 589 2066 multa
610 2005 724 2083 [ttvide
746 2007 774 2067 su
795 1950 899 2084 eriotas
918 2008 964 2068 sed
978 2010 1058 2068 brevi
1081 2026 1118 2071 tet

256 2084 343 2162 potest
352 2098 413 2143 tota
428 2084 536 2143 confici.
574 2085 715 2159 egoenim
737 2027 793 2142 etis
806 2079 956 2143 maximim
976 2086 1117 2147 actionem

278 2175 343 2230 uto,
364 2178 511 2236 repugnare
528 2159 610 2229 visit,
629 2158 753 2218 obsistere
778 2161 976 2234 opinionibus,
1004 2159 1129 2233 assensus,

257 2180 373 2295 sithricos
391 2237 540 2304 sustinete,
561 2235 697 2309 credoque
719 2235 896 2293 Clitomacho
918 2237 955 2294 ita
972 2236 1119 2312 scribenti,
1148 2202 1153 2327 Ι

144 2323 169 2370 r.
190 2323 215 2372 Β.
259 2313 408 2371 3⁶Hetcusi
428 2312 567 2387 quendam
587 2312 711 2369 laborem
732 2310 934 2369 exanclatumi
956 2313 1115 2384 Carneade,
1150 2344 1153 2355 ·

256 2389 350 2466 quod,
371 2401 401 2445 ut
423 2388 509 2446 seram
536 2388 566 2445 &
594 2389 745 2447 immanem
760 2388 885 2454 beluam,
912 2386 949 2444 sic
963 2405 999 2446 ex
1019 2390 1114 2450 animia
1151 2386 1154 2395 '

254 2466 349 2524 nostris
363 2462 560 2531 adsensionem,
580 2462 682 2531 idest,
702 2463 893 2538 opinationem
918 2465 948 2521 ὃ(
974 2466 1115 2525 temerita-

253 2555 311 2600 tem
328 2537 493 2598 extraxisset:
513 2553 624 2608 tamen,
644 2550 674 2596 ut
689 2557 720 2596 ea
733 2556 791 2612 pars
805 2537 969 2596 defensionis
983 2540 1118 2616 relinqua·

255 2630 317 2686 tur,
337 2616 403 2692 quid
416 2616 548 2690 impediet
561 2614 699 2673 actionem
714 2615 788 2690 ejus,
807 2615 855 2689 qui
869 2614 1017 2689 probabilia
1030 2616 1117 2694 sequi·

256 2705 318 2765 tur,
337 2691 409 2752 nulla
423 2709 452 2750 te
465 2690 654 2768 impediente?
775 2726 778 2733 ·
1033 2770 1067 2828 Η

683 2784 687 2789 ¹
952 2802 965 2810 “
1069 2786 1120 2843 oc,

289 2925 325 2964 35.
344 2913 397 2958 Vide
400 2912 527 2974 fitperioraq
544 2909 596 2960 aldi
607 2909 702 2959 senioris
712 2907 785 2957 editio
800 2909 854 2955 unde
860 2907 983 2971 fiaperioris.
1018 2907 1063 2957 Sed
1078 2908 1120 2959 nd·

256 2969 343 3020 sentior
350 2976 431 3022 Paullo
442 2972 692 3029 Manutio‚arbitianti
704 2971 899 3021 adnotamentum
911 2971 1013 3021 sedetis.
1030 2976 1118 3022 Graan.

255 3036 344 3097 Repeti
352 3038 376 3084 in
389 3040 476 3085 vetusta
491 3035 595 3084 editione
606 3049 630 3080 ur
638 3036 663 3081 de
667 3037 774 3097 superiore
784 3068 791 3092 ‚
812 3031 876 3097 quod
887 3031 966 3081 forsan
977 3033 1120 3098 {sequenti-

254 3093 297 3144 bus
308 3111 358 3146 non
367 3099 444 3147 fuisset
457 3098 614 3157 rejiciendum.
924 3120 928 3129 ·

241 3176 250 3191 ·
289 3169 326 3215 36.
345 3164 434 3208 Herculi
443 3164 546 3222 quendam
558 3163 648 3207 laborem
660 3160 815 3218 exanclatum]
827 3160 863 3207 Sic
873 3172 957 3206 omnes
968 3156 1122 3223 nossti‚quots

257 3221 383 3271 advocent
394 3227 494 3285 primam
505 3224 603 3278 attinet,
620 3222 684 3283 quod
696 3225 721 3271 dt
730 3222 759 3270 de
770 3223 812 3271 suis
823 3223 916 3269 monuit
928 3220 1066 3270 Lambinus.
1080 3236 1122 3271 en·

237 3332 242 3343 ,
257 3282 325 3346 tique
337 3301 379 3349 pro
389 3288 495 3332 Herculis.
516 3285 626 3332 ultimam
635 3285 765 3333 didionem
776 3283 850 3333 servat
865 3282 974 3332 omnibus
985 3283 1072 3332 litteris
1083 3289 1124 3333 Pe·

258 3349 301 3396 lat.
315 3345 357 3396 sec.
369 3361 424 3396 nam
435 3349 628 3410 pedamentum,
644 3347 787 3402 avitinis,
802 3350 945 3394 exaridarum.
978 3359 1030 3408 qua
1042 3358 1126 3395 tamen

259 3408 379 3460 diversitas
395 3408 484 3461 accedit
499 3408 529 3459 ad
541 3413 674 3459 txanesatttm
685 3410 761 3475 magis
776 3408 851 3476 qu‘atn
867 3409 967 3460 aliorum
981 3411 1127 3460 exantlatum.

259 3476 352 3529 Gtutet.
1028 3496 1031 3501 ·
1121 3502 1125 3507 -

955 3588 960 3595 .
1015 3548 1054 3593 at·
1073 3538 1129 3597 rm
