2318 3914
187 127 725 216 htnanuaucus.
815 148 898 219 2475

36 245 92 307 etb
108 243 241 334 displicuit
254 240 304 315 ea,
323 260 386 320 quae
399 241 498 301 tributa
513 237 550 299 est
561 242 647 301 animi
660 238 802 303 uirtutibus
819 258 897 307 tanta

35 320 198 383 raestantr'a?
216 340 251 383 an
264 320 369 399 quaede
382 318 544 395 prudentia,
563 317 598 403 dc
612 318 773 393 cognitione
789 337 894 395 rerunt,

35 416 57 457 ,e
73 395 272 476 confundique
285 397 391 474 generis
404 395 536 461 humani,
556 410 672 469 quaeque
686 394 719 452 ab
736 395 841 455 eisdem
856 398 892 459 de

35 474 222 551 emperantia,
242 474 277 533 de
291 470 447 540 modestia,
467 470 502 528 de
523 469 712 545 magnitudine
732 469 837 541 animi,
856 474 893 533 de

35 552 105 610 mani
118 551 260 611 honestate
275 546 422 608 dicuntur?
442 544 599 604 fatebuntur
613 544 697 604 Stoici
708 588 716 615 ,
726 544 891 609 haecomnia

35 626 94 687 icta
110 624 162 687 effe
177 625 316 701 praeclare.
354 636 462 699 ²neque
476 623 551 680 enim
567 638 629 680 eam
652 621 760 680 causam
779 622 912 686 Zenoniz
933 652 1038 707 namque

35 702 185 764 eseiscendi
201 696 289 761 suilie.
327 700 376 758 alia
391 697 516 773 quaedam
531 699 632 757 dicent.
897 714 951 751 eam
966 707 1040 764 nrt.

57 780 178 845 Credo,
205 795 306 852 magna
326 777 500 849 antiquorum
524 772 577 832 elle
598 785 734 849 peccata,
754 792 817 851 quae
844 777 935 845 rlle20

36 856 77 915 eri
109 853 289 930 investigandi
312 850 423 928 cupidus
457 850 532 909 nullo
554 850 642 909 modo
664 851 735 911 ferre
760 854 891 932 potuerit.

35 930 85 991 uid
98 933 176 991 enim
192 928 357 1007 perversrus,
376 926 442 1001 quid
454 927 663 994 intolerabilius,
682 927 747 1001 quid
768 928 890 1000 stultius,

35 1004 106 1066 uam
128 1008 231 1066 bonam
253 1004 450 1062 avalitudinem
467 1045 475 1072 ,
495 1002 578 1078 quim
602 1002 729 1062 dolorum
758 1006 911 1066 omniuma
935 1016 1040 1071 valetud.

36 1085 207 1152 acuitatem,
226 1080 309 1157 quam
324 1080 509 1155 integritatem
535 1078 680 1137 oculorum
707 1080 949 1157 reliquorum-atti.

36 1176 77 1216 ue
90 1157 216 1217 sensuum
242 1168 383 1231 ²{ponere
402 1156 430 1212 in
457 1156 535 1214 botris
556 1154 645 1230 potiiu
675 1154 758 1229 quim
781 1158 889 1231 dicere,

35 1234 96 1294 tihil
110 1236 228 1295 omnino
249 1236 319 1292 inter
341 1250 384 1291 eas
405 1249 446 1289 res
470 1233 555 1304 iisque
575 1232 721 1289 contrarias
746 1232 893 1294 intercise?

36 1328 54 1368 a
66 1310 144 1371 enim
157 1311 268 1377 omnia,
289 1326 351 1383 quae
363 1309 401 1367 illi
415 1307 488 1365 bona
502 1306 640 1374 dicerent,
658 1309 802 1383 praepofita
818 1309 889 1383 effe,

36 1403 84 1447 ‚on
99 1385 188 1445 bona:
207 1388 332 1463 itemque
345 1385 405 1452 illa,
425 1401 489 1458 quae
507 1384 536 1440 in
556 1400 676 1458 corpore
698 1385 888 1459 excellerent,

36 1461 101 1521 ulte
113 1465 239 1541 antiquos
255 1459 347 1521 dtxille
362 1461 448 1536 perse
466 1456 519 1517 elle
534 1459 685 1533 expetenda
702 1477 708 1514 :
736 1461 766 1519 δε
779 1462 889 1523 sumen·

37 1555 54 1597 a
82 1538 173 1614 potius
196 1537 280 1616 qultn
296 1536 458 1613 expetenda.
497 1534 651 1612 eademque
664 1535 699 1595 de
712 1539 791 1598 omni
812 1540 886 1610 vita,

37 1630 87 1671 uae
102 1616 131 1672 in
145 1632 200 1675 una
212 1616 312 1673 uirtute
326 1612 497 1671 confisteret:
518 1610 590 1668 illam
606 1614 708 1680 vitam,
722 1630 786 1689 quae
801 1617 885 1675 etiam
909 1626 1006 1673 ncx1.

36 1690 120 1749 eteris
134 1690 227 1761 rebus,
246 1708 310 1767 quae
332 1687 415 1747 effent
435 1686 584 1745 secundum
604 1702 747 1758 naturam,
766 1692 886 1751 abunda·
1031 1696 1034 1701 '

36 1777 80 1834 et,
103 1768 187 1843 magis
201 1765 382 1841 expetendam
398 1781 456 1822 non
471 1761 593 1831 elle,ied
608 1766 693 1837 magis
705 1765 884 1828 sumendam:

36 1842 144 1919 [imque
158 1842 213 1917 ipsa
227 1844 312 1901 victus
327 1840 448 1897 befficiat
461 1841 497 1897 ita
511 1839 619 1896 beatam
633 1842 717 1897 vitam
728 1844 908 1909 ,utbeatlorb
924 1846 1023 1904 rtaeffic.

36 1915 74 1976 lle
90 1934 150 1977 non
164 1919 258 1994 polilt,
278 1930 372 1976 tamen
389 1915 517 1991 quaedam
532 1912 620 1973 deelle
633 1913 946 1992 sapientibusuumfli·

36 1993 87 2052 iam
103 1994 165 2052 sunt
179 1994 336 2053 beatiffimi:
357 1994 448 2068 itaque
464 2008 511 2048 eos
525 1990 553 2049 id
566 2007 663 2066 agere,
682 1991 741 2051 uti
761 1994 788 2053 se
808 1995 889 2056 dolo·

36 2088 81 2139 es,
103 2070 234 2140 morbos,
254 2068 401 2127 debilitates
415 2066 552 2141 repellant.

55 2146 108 2204 1x.
130 2147 158 2204 O
181 2162 341 2203 ntoutu
364 2145 422 2201 vim
450 2143 553 2217 ingenii
578 2142 740 2220 causamque
765 2143 883 2219 justam,

36 2240 68 2281 ur
82 2239 158 2280 nova
173 2221 307 2281 exsisteret
320 2218 471 2294 disciplina!
512 2218 596 2293 Perge
609 2237 701 2293 porro.
741 2222 886 2298 sequentur
896 2246 928 2290 ιι

36 2298 116 2364 nim,
135 2315 200 2373 quae
214 2311 244 2356 ru
259 2294 429 2355 scienrili'rrnd
443 2294 603 2368 complexus
615 2313 643 2352 es
659 2339 667 2364 ,
686 2315 803 2356 omnem
825 2302 887 2358 inst·

36 2375 153 2434 rentiam
188 2375 217 2432 &
237 2373 412 2449 injustitiam,
432 2372 483 2429 alia
497 2371 562 2429 vitia
576 2370 670 2429 fimilia
687 2371 757 2442 elle,
777 2379 889 2434 omnia·

36 2468 75 2509 ue
90 2462 202 2523 peccata
217 2448 269 2507 effe
284 2450 355 2523 paria
371 2490 379 2515 ,
399 2464 502 2522 eosque
519 2489 527 2513 ‚
547 2447 595 2520 qui
623 2448 717 2506 naturi
750 2450 888 2511 doctrina-

36 2543 75 2584 ue
89 2525 173 2597 longi
188 2526 222 2584 ad
235 2526 364 2582 virtutem
379 2520 577 2597 proceliillenr,
592 2521 641 2580 nist
656 2541 717 2582 eam
731 2526 889 2600 plenecon·

36 2603 104 2660 cuti
120 2599 221 2671 ellent,
240 2598 347 2659 summd
363 2596 416 2656 elle
438 2598 570 2664 miseros,
597 2616 687 2675 neque
701 2600 773 2660 inter
786 2622 886 2664 eorum

36 2680 108 2737 itam
137 2679 167 2735 δι
187 2676 447 2751 improbiflimorurn
480 2672 630 2751 quidquam
653 2679 772 2737 omnino
804 2680 889 2738 inrer-

37 2750 90 2813 Te:
112 2764 143 2810 ut
156 2752 250 2822 Plato,
268 2764 358 2811 tantus
371 2752 416 2809 ille
429 2752 487 2820 vir,
506 2749 639 2824 fisapiens
652 2769 711 2810 non
725 2754 824 2825 fuerit,
843 2756 888 2812 ni-

830 2830 890 2889 hilo

48 3038 90 3082 ²4·
108 3026 154 3069 Non
161 3034 236 3084 ponere
245 3024 268 3069 in
278 3022 336 3068 bonit
344 2994 415 3085 potius
423 2982 491 3097 qudm
502 3025 596 3096 ejicere]
615 3023 759 3094 (Jurruptum
770 3018 816 3069 ess'e
825 3018 889 3096 launc-

37 3098 104 3132 tcum
115 3098 222 3149 apparet,
237 3098 310 3147 atque
326 3084 388 3134 baud
403 3083 451 3134 sero
466 3100 496 3134 an
512 3101 537 3133 tn
548 3089 644 3132 venetis
658 3083 773 3132 restitutus
783 3081 818 3133 fit.
852 3084 888 3134 lbr

37 3147 143 3254 dffitdd'
158 3150 339 3259 ‘lleir'quorumqppe
350 3149 450 3224 seriptum
458 3162 531 3258 poaer'p
543 3151 570 3192 t'n
579 3149 656 3219 bonis,
669 3151 739 3256 pgjus
755 3144 891 3257 “fif-df*

38 3271 106 3318 ,1202
115 3212 293 3328 tritula,
310 3223 668 3336 ,tltttlrutrfltrt
685 3222 781 3328 litt
807 3222 886 3319 trit

37 3332 301 3399 taionnappellttent.
319 3340 372 3400 Ego
383 3348 465 3385 tamen
481 3333 580 3401 nequid
595 3332 751 3389 diliitnulem,
767 3348 810 3400 pro
821 3337 889 3381 Dice-

37 3408 82 3475 ynn
103 3398 182 3449 Diam
199 3400 290 3456 radim.
321 3403 359 3458 tta
373 3397 540 3458 euim-saltem
561 3394 698 3464 aquatum
718 3395 774 3450 effer
799 3396 888 3446 oratio.

37 3473 129 3531 mem,
798 3537 845 3585 ἢκ
859 3517 915 3569 M
