2318 3914
223 112 413 180 Iatznnn
455 109 767 192 QUARTUS·
872 113 958 189 2297

69 235 126 302 tit,
147 241 240 309 putare
255 248 312 289 non
328 224 405 286 fuisse
420 243 453 282 ea
468 240 533 282 vera
549 258 558 290 ,
577 240 643 299 quae
663 218 749 280 effent
768 218 815 280 fibi
837 220 892 280 visa
911 222 941 281 in

70 311 177 368 furore.
215 307 267 365 Sed
280 324 339 365 non
353 304 382 361 id
397 302 498 375 agitur:
518 310 597 367 tum,
618 296 855 358 cbmxvideantur
865 307 969 375 ,quo1
984 290 1094 351 videntur
1112 354 1115 359 ,

69 384 162 447 modo
183 383 309 443 videntur
325 423 335 448 ,
354 379 383 436 id
403 377 542 452 quaeritur.
580 375 630 434 niti
649 373 717 434 verb
738 373 860 433 Ennium
881 393 940 435 non
952 358 1078 474 &amir

71 475 202 538 putamus
216 459 252 547 ita
268 471 362 540 totum
377 451 443 542 iliud
457 447 606 520 audivisse,
641 488 645 497 -
953 484 1031 544 m*

169 546 192 592 0
204 549 286 610 pietas
301 551 405 597 anama,
592 543 595 549 ·

70 608 196 672 fimodb
211 612 241 673 id
254 603 421 669 somniavit?
440 600 504 663 utst
526 599 640 680 vigilans
663 603 777 662 audiret.
816 620 941 678 experre-

67 689 129 748 etus
144 692 220 747 enim
235 685 325 761 potuit
338 684 381 741 illa
397 680 448 741 visa
466 692 582 755 putate,
602 692 633 738 ut
652 692 746 750 erant,
773 680 802 737 ἃ
816 679 937 740 somniat
988 686 1000 733 .“

73 776 101 807 ¹²
118 764 269 838 dormienti
306 758 373 817 verb
418 755 499 833 aeque
537 776 570 817 ac
600 756 723 832 vigilanti
750 755 942 831 probabantur.

66 841 140 918 quid
154 841 241 901 Iliona
264 838 362 896 sumno
375 832 443 893 illo?
527 862 543 871 1·
764 829 768 839 '

173 925 300 972 Materte
313 911 406 989 appello
421 935 429 966 .·

70 1005 171 1052 nonne
185 989 228 1049 iila
243 987 326 1047 credit
340 984 425 1045 filium
438 982 583 1056 locutum,
606 995 631 1038 ¹³
640 998 670 1045 ut
684 985 841 1062 experrecta
855 987 939 1046 etiam

72 1065 219 1126 crederet?
238 1065 311 1123 unde
326 1066 401 1122 enim
416 1062 481 1120 illa?

114 1141 265 1219 Ageadssa:
286 1160 379 1197 mane.-
400 1141 464 1196 audi
476 1141 629 1197 rireradum
640 1138 838 1212 eadammrtr'sta
853 1139 935 1198 mihi:
946 1145 963 1195 I
974 1133 1033 1207 ,sm

71 1238 144 1357 Eum
166 1219 274 1335 uidetur
294 1218 434 1277 minorem
464 1216 563 1275 habere
590 1214 650 1274 vifis
684 1216 770 1292 quim
799 1196 996 1291 vigilantum·

114 1314 175 1355 em.

109 1369 243 1432 XXVIII.
263 1370 369 1445 Qurn
391 1367 488 1445 loquar
514 1365 549 1426 de
569 1365 691 1426 insams?
719 1367 803 1444 qualit
823 1370 935 1430 tandem
948 1356 984 1434 89

68 1451 123 1511 fuit
138 1448 223 1508 affinis
236 1458 315 1516 tuus„
335 1445 456 1513 Catule,
476 1442 659 1503 Tuditanus?
679 1447 822 1520 quisquam
838 1444 938 1504 Ianifli·
987 1442 1010 1492 1'·
1030 1439 1059 1498 ¹1¹

69 1543 133 1587 mus
145 1536 204 1583 tam
219 1535 293 1583 certa
306 1533 399 1597 putat,
420 1538 484 1596 quae
497 1520 592 1590 vIdet,
607 1519 723 1598 quimis
736 1520 936 1599 putabat,quae

73 1597 256 1661 videbantur?
275 1597 342 1684 quid
356 1598 418 1666 itte,
437 1599 500 1672 qui,

72 1729 76 1737 .
154 1677 244 1742 Video,
264 1675 339 1731 vadat
354 1689 378 1730 re
393 1675 513 1740 vivum,
534 1672 641 1748 ulysses,
662 1673 726 1731 dum
740 1672 814 1732 liert:

71 1769 178 1814 nonne·
190 1753 280 1810 etiam
293 1750 332 1807 bis
352 1750 515 1807 exclamavit
535 1748 561 1806 se
582 1746 699 1821 videre,
726 1747 790 1808 ebm
817 1753 935 1812 omnino

69 1847 132 1889 non
148 1824 273 1888 videret?
291 1824 357 1902 quid
372 1826 445 1900 apud
459 1823 618 1897 Euripidem
626 1825 778 1896 Hercules,
797 1825 861 1886 curn
872 1839 938 1888 ¹⁴ut

69 1902 215 1981 Eurysthei
227 1901 313 1969 filios,
333 1903 368 1973 ita
382 1901 443 1959 suos
464 1899 619 1975 configebat
639 1899 760 1975 sagittis,
781 1900 844 1961 cium
866 1922 938 1962 uno·

70 1982 155 2041 remi
176 1975 348 2039 terimebat?
368 1976 432 2034 ciam
454 1976 603 2034 conabatur
625 1978 707 2035 etiam
728 1975 936 2051 praeminum

48 2056 168 2133 '²perin
189 2073 205 2130 e
220 2053 382 2112 movebatur
397 2050 480 2120 falfis,
500 2063 530 2109 ut
544 2053 613 2109 veris
629 2064 788 2111 moveretur
804 2051 816 2109 i
836 2054 960 2130 Quidtz
975 2059 1074 2127 prome.
1096 2090 1103 2103 .

69 2135 78 2193 i
100 2132 127 2191 se
140 2132 275 2191 Alcmaeo
285 2143 363 2196 tuus,
383 2129 431 2204 qui
445 2140 527 2202 negat
548 2145 597 2186 eor
616 2128 662 2187 fibi
684 2146 750 2188 cum
766 2128 851 2189 oculis
866 2124 998 2192 comatis,
1079 2134 1086 2145 ‘

80 2209 188 2278 entire,
207 2223 305 2266 nonne
320 2203 422 2264 ibidem
435 2203 550 2283 incitato
566 2204 675 2273 furore;

862 2286 936 2350 Unde

49 2485 198 2553 *quentibur
207 2483 282 2537 verbis
293 2483 447 2540 confirmare}
462 2485 582 2552 quinimo
593 2478 618 2537 a:
629 2486 677 2551 ipia
689 2486 756 2538 ratio.
787 2480 863 2539 Potest
873 2491 939 2545 enim

68 2554 219 2613 quiscum,
236 2551 503 2618 quiexperredtusfit',
524 2564 609 2614 negare
641 2548 776 2609 somniare,
808 2553 940 2612 &.deber,
1013 2554 1016 2559 '

66 2612 114 2662 nifi
128 2614 186 2662 veiit
198 2609 244 2668 effe
258 2615 356 2673 jocoins.
389 2616 460 2664 Plane
474 2614 565 2663 somnia
575 2615 716 2685 expetendi,
733 2617 759 2664 bt
770 2616 795 2664 In
807 2612 940 2668 futotevisn

67 2675 228 2731 insanientis,
244 2674 483 2740 postquamrefipnit,
499 2689 631 2739 componit.
664 2680 760 2727 Gronov.

103 2754 140 2788 u.
157 2742 282 2785 Dormienti
292 2756 342 2794 uero
355 2740 411 2801 aque'
423 2757 448 2785 ac
457 2742 562 2802 vigilanti
574 2741 710 2800 probantum]
724 2739 906 2787 Probabanrnrest
915 2740 957 2792 In*
999 2772 1003 2778 ·

67 2799 189 2851 veteribus
205 2799 289 2857 librisr
319 2802 343 2849 &
365 2800 398 2850 ita
412 2802 479 2860 buius
497 2802 545 2851 Ioci
556 2799 670 2850 sententia
684 2802 780 2866 'requirit
796 2801 822 2850 ut
839 2800 943 2864 legatie.

68 2866 146 2922 ‘'drſsn.
177 2864 302 2925 probabatur
313 2861 392 2912 vifitut
403 2865 428 2912 in
441 2865 488 2913 Pal.
499 2878 534 2927 pt.

101 2942 138 2981 nt.
156 2931 188 2973 vt
198 2927 313 2987 expantia
322 2931 388 2972 etiam
400 2930 509 2984 traduat]
528 2925 623 2988 vulgati
633 2927 693 2974 oiim
717 2926 742 2974 be
766 2926 942 2976 recentiorum

65 2990 176 3047 vericata.
193 2989 318 3053 quomodo
335 2990 394 3035 uuili
410 2987 462 3039 mis.
480 2987 569 3044 nostri,
591 2987 765 3049 excluseratque
781 2988 885 3038 editione
900 2987 940 3040 sun

66 3052 202 3101 vidodus:
220 3050 257 3100 sed
268 3065 340 3099 nemo
352 3050 416 3114 ausus
427 3051 526 3105 Imitari,
542 3065 592 3097 non
604 3053 770 3107 Camerarius,
787 3067 836 3099 non
846 3056 939 3111 Brutus,

65 3130 120 3163 non
132 3113 263 3170 sturmius,
279 3129 329 3162 non
341 3114 467 3162 Lambinus
480 3132 487 3169 ;
503 3113 550 3160 hoe
565 3112 619 3159 ideo
629 3113 693 3173 qubd
706 3129 754 3163 non
771 3114 937 3166 consuluissent

63 3174 143 3226 libros
153 3177 299 3240 antiquitatis
311 3175 430 3226 obsoletae.
446 3171 609 3239 aldusNepos
619 3173 718 3235 delevit,
732 3179 840 3242 quamvis
850 3177 873 3228 id
880 3192 936 3228 avua

66 3237 253 3303 ejunusurparat.
286 3243 374 3288 Gruter.
497 3284 499 3287 ,
997 3240 1002 3250 “

104 3317 140 3359 ¹4·
156 3306 189 3348 vt
200 3302 311 3361 Eurysthei
317 3301 389 3361 filios,
405 3300 513 3362 inflatu]
530 3304 634 3349 Muretus
644 3301 705 3353 hanc
716 3303 843 3354 lebiionem
857 3314 934 3353 tuetur

65 3362 109 3414 lib.
118 3377 183 3412 xrrt.
199 3368 252 3414 vat.
266 3365 329 3415 Led.
343 3378 393 3429 cap.
403 3378 439 3415 ιο,
456 3376 538 3413 contra
549 3368 572 3414 P.
580 3365 723 3427 vidiorium,
738 3369 778 3433 q'ui
788 3360 887 3418 tollebat
893 3373 935 3416 ita'.

65 3426 191 3480 Iibtxxv.
209 3428 295 3481 variar.
308 3426 373 3482 Led.
390 3437 486 3493 capua.
519 3429 586 3475 laem.
604 3465 606 3468 Α
704 3434 724 3461 «·

480 3493 539 3542 aar
554 3493 633 3541 raab
847 3498 882 3547 ις.
898 3488 936 3553 τη
