2318 3914
216 65 224 99 Ι

210 150 292 242 2358
385 94 469 216 ‘Dr
491 149 578 216 Fru.
600 148 698 216 Bou.
719 170 771 217 er
792 152 908 221 Mat.

63 279 197 331 homnine
212 281 272 339 ret,
291 266 391 328 homni
404 286 463 327 non
477 268 566 328 modo
580 269 752 344 voluptatem
773 267 826 329 eise
841 313 850 340 ,
869 267 973 329 verium
996 272 1076 335 etiarn

63 347 96 396 td·
111 357 154 396 w·
211 346 349 404 summam
362 344 542 419 voluptatem.
562 346 681 422 quisquis
696 347 772 404 enim
786 347 1078 423 sentit‚quemadmo·

210 421 278 480 dum
293 421 325 480 fit
337 419 449 480 affectus
465 465 474 491 ‚
494 440 559 480 eum
572 418 679 480 necesse
693 422 730 480 est
744 435 791 480 aut
803 424 832 480 in
847 422 994 498 voluptate
1009 424 1079 497 effe,

210 511 257 557 aut
276 498 305 556 in
325 497 430 556 dolote.
468 499 547 557 omni
573 510 666 556 autem
693 498 844 573 privatione
870 498 980 558 doloris
1001 515 1079 576 putat

209 575 342 651 Epicurus
356 575 496 633 terminari
507 574 643 633 summam
658 574 845 649 voluptatem:
865 587 896 632 ut
909 574 1011 650 postea
1033 596 1079 637 va·

77 660 186 715 hauri.
209 652 271 710 riarl
293 650 418 784 voluptffi
444 650 624 728 distinguique
644 650 725 726 possit
737 671 747 717 ;
780 651 871 726 augeri
899 650 1078 729 amplificari·

229 745 263 784 ue
278 745 337 786 non
371 745 389 785 o
419 738 439 786 t.

165 744 227 886 395
248 805 288 862 At
308 745 391 861 etiapm
407 803 520 862 Athenis
536 846 545 872 ‚
564 815 594 861 ut
609 801 625 861 {r
639 813 715 878 patre
734 802 895 872 audiebam,
924 803 1024 865 facete
1049 794 1092 869 δι’

61 882 200 934 inridente
210 878 311 938 urbane
327 880 436 939 Stoicos'
446 878 589 939 iirridente
604 922 612 948 ,
652 889 679 933 57
688 877 771 936 statua
783 879 820 937 est
837 878 868 935 5⁸
877 881 906 937 in
921 881 1075 942 Ceramico

60 950 132 997 ²¹⁸⁸·
209 956 352 1033 Chryfippi
368 998 376 1024 ,
394 955 509 1017 sedentis
553 954 657 1014 orreeia
673 971 759 1012 manu
775 974 783 1012 ε
802 972 866 1030 quae
880 973 983 1016 manus
995 957 1075 1032 figni-

60 1040 117 1091 kin
128 1046 182 1092 aero
207 1031 271 1090 ficet
285 1034 360 1090 illum
375 1032 423 1089 kin
438 1034 489 1090 hac
504 1052 520 1091 e
542 1051 557 1091 e
570 1029 756 1106 rogatiuncula
772 1030 951 1093 deleclarum.
994 1035 1072 1095 Num

59 1108 135 1157 bul·
208 1108 339 1184 quidnam
355 1125 450 1166 manus
464 1121 510 1167 tua
525 1110 561 1167 fic
575 1107 672 1166 affecta
688 1149 697 1176 ,
716 1106 957 1183 quemadmodum
973 1108 1072 1171 affecta

208 1202 283 1243 nunc
297 1184 351 1253 est,
369 1183 528 1244 desiderat?
548 1184 625 1243 Nihil
637 1182 709 1243 sane.
745 1182 802 1252 At,
823 1182 841 1242 sr
862 1184 992 1260 voluptas
1009 1186 1072 1247 eliet

209 1260 332 1331 bonum,
352 1260 521 1319 defideraret.
549 1262 588 1319 lta
603 1258 697 1319 credo.
714 1259 783 1318 Non
797 1260 930 1335 elligitur
945 1262 1071 1398 volutus

207 1336 323 1394 borium.
347 1339 415 1395 Hoc
428 1354 464 1395 ne
477 1337 589 1396 statuam
603 1335 715 1413 quidem
731 1334 863 1393 dicturam
879 1349 958 1411 pater
970 1339 1017 1415 aje
1035 1352 1069 1408 at,

206 1411 316 1489 filoqui
334 1412 428 1489 pollet.
460 1413 618 1472 conclusum
641 1412 679 1469 est
699 1410 773 1469 enirn
788 1424 882 1469 contra
897 1414 1068 1489 Cyrenaicos

60 1503 70 1550 1
86 1500 161 1550 solum
205 1488 264 1547 satis
278 1491 372 1549 acute:
393 1489 459 1549 nihil
472 1490 507 1548 ad
521 1490 680 1564 Epicurum.
698 1505 763 1547 nam
779 1487 845 1545 frea
858 1488 927 1547 ¹sola
942 1490 1077 1566 voluptas.

59 1567 110 1615 «lii.
209 1562 289 1633 effer,
309 1584 373 1643 quae
386 1563 460 1643 quast
479 1565 596 1623 titillaret
609 1564 718 1632 sensus,
744 1568 776 1621 ut
796 1563 832 1621 ita
846 1564 963 1634 dicam,
986 1566 1067 1627 &ad

60 1664 86 1696 m
102 1648 189 1698 allabe-
209 1659 257 1699 eos
273 1659 338 1700 cum
353 1642 481 1717 suauitate
491 1640 615 1700 afflueret
642 1642 671 1699 δι
686 1639 881 1698 minaberetur:
895 1648 956 1700 'nec
972 1660 1067 1703 manto

60 1724 122 1785 ΜΨ
131 1715 180 1763 ⁶¹¹7·
207 1714 260 1775 effe
275 1729 404 1776 contenta
418 1715 505 1793 pollet
519 1718 593 1776 nulla
607 1719 742 1775 vacuitate
756 1715 856 1775 doloris
871 1716 928 1775 stne
938 1718 1067 1793 jucundo

61 1790 80 1825 ¹¹
92 1775 288 1851 lllaG¹⁴²·motu
308 1793 461 1869 uoluptatis.
500 1792 538 1852 sm
559 1805 653 1851 autern
673 1792 779 1851 summa
800 1792 925 1867 voluptas
946 1794 1013 1864 est,
1038 1806 1065 1855 ut

203 1871 325 1944 Epicuro
338 1872 442 1945 placet,
462 1869 528 1928 nihil
541 1868 650 1928 dolere:
670 1869 791 1945 primum
803 1868 851 1926 tibi
864 1868 955 1938 recte,
977 1871 1065 1949 Chry·

204 1945 278 2021 fippe
294 1988 302 2012 ‚
321 1945 479 2004 concellum
501 1944 560 2014 est,
581 1945 648 2004 nihil
670 1943 818 2002 desiderare
839 1960 982 2014 manum,
1003 1948 1063 2007 curu

204 2023 241 2080 ita
257 2020 321 2080 effer
335 2021 451 2081 affecta:
471 2020 620 2079 secundum
636 2039 693 2079 non
708 2018 799 2091 reete,
819 2018 981 2096 stvoluptas
1002 2020 1064 2083 eliet

205 2098 330 2168 bonurn,
350 2097 656 2158 fulliedesrderaturam.
694 2097 795 2154 iccirco
816 2097 892 2153 enim
913 2116 976 2156 non
997 2099 1064 2159 defi·

197 2173 327 2245 deraret,
346 2177 428 2251 quia,
446 2174 523 2250 quod
536 2173 632 2232 dolore
645 2184 735 2242 caret,
754 2171 782 2230 id
795 2173 824 2231 irr
839 2172 984 2249 voluptate
1000 2176 1045 2235 est.

1002 2252 1065 2313 ΧΠ.

198 2414 342 2465 Lambinus:
358 2416 420 2464 Illud
424 2416 566 2481 enimipfttm,
582 2419 771 2481 quodquibmdam
781 2419 875 2466 medium
885 2421 990 2480 viderur,
1005 2422 1062 2470 mai

201 2482 271 2527 dolare
280 2497 355 2530 carere.
373 2478 432 2529 vide
442 2494 492 2543 qua
503 2478 533 2528 ad
543 2485 654 2530 Senecam
664 2495 701 2544 ep.
708 2482 760 2545 24.)
775 2486 871 2532 Gronov.

232 2558 270 2598 57,
287 2545 366 2590 Statua
378 2543 407 2601 est
420 2546 443 2589 in
460 2547 563 2590 Ceramico
579 2545 683 2606 Chryfippi
692 2577 700 2599 ,
707 2546 799 2604 ,sedentis
814 2546 908 2606 petrella
921 2563 1002 2604 manu,
1015 2563 1060 2612 qu
1103 2566 1105 2585 ²

200 2622 277 2652 nanus
283 2606 386 2668 fignifiecr
399 2606 462 2652 illum
476 2610 499 2652 in
514 2610 552 2653 hac
567 2607 603 2665 effe
618 2609 763 2666 rogatiuncula
778 2609 922 2666 delectarum]
945 2610 1064 2659 Animad-

201 2671 273 2726 verti,
289 2682 461 2731 nonnunquam
471 2682 559 2718 veteres
569 2667 655 2717 eodem
666 2668 737 2718 verbo
751 2669 787 2719 bis
804 2670 891 2719 eodem
905 2672 931 2719 in
942 2672 999 2722 loco
1009 2673 1062 2722 oloe

201 2727 261 2788 effe3
277 2746 302 2780 ut
312 2750 334 2778 eo
344 2733 398 2788 dle,
415 2735 455 2795 qui
465 2732 510 2778 diet
521 2731 570 2791 fuir
581 2747 615 2781 tv.
629 2732 672 2791 kal.
685 2733 730 2787 δι,
747 2752 768 2780 ro
784 2734 844 2789 loco,
860 2737 900 2796 qui
914 2736 979 2785 locres.
1000 2737 1064 2797 clrjtra

199 2797 292 2863 generis
304 2797 413 2857 exempla
424 2794 449 2843 dt
462 2793 523 2859 apud
534 2794 595 2842 hunc
605 2793 723 2851 nostrum,
739 2797 764 2844 δι
780 2796 840 2859 apud
856 2792 971 2847 Castrrem
986 2800 1064 2849 maxi·

200 2870 242 2904 me
250 2858 275 2906 in
285 2859 333 2915 eius
344 2859 529 2908 commentariis
540 2872 588 2905 non
602 2870 673 2920 pauca
683 2856 737 2905 licet
753 2859 864 2908 invenire.
896 2859 1010 2918 Ejusdem
1021 2876 1063 2927 ge·

201 2919 262 2973 neris
274 2919 346 2970 videri
357 2919 432 2985 potest
443 2919 503 2977 hoc,
520 2922 614 2983 porrefla
628 2935 711 2976 manu,
731 2936 775 2984 qua
790 2938 873 2971 manus.
905 2936 952 2985 ego
968 2936 1063 2985 tameo,

202 2996 290 3039 manum
307 2998 364 3048 puto
376 2981 405 3030 ab
415 2983 496 3045 aliquo
511 2980 557 3030 elie
574 2980 699 3038 additum,
717 2984 757 3047 qui
773 2982 869 3033 forcalle
885 2998 1016 3043 vereretur,
1031 3003 1063 3039 oe

201 3045 232 3094 ad
238 3046 333 3104 statuam
344 3045 502 3108 potiusquam
512 3046 637 3093 admanum
648 3044 707 3093 illud
718 3063 762 3106 que
773 3045 901 3096 referretur.
925 3049 984 3106 Sed,
998 3063 1063 3109 qoo-

199 3110 264 3157 niam
275 3121 328 3156 utro
338 3106 413 3156 modo
428 3108 511 3171 legas,
525 3121 606 3157 manet
620 3106 703 3156 eadem
720 3107 850 3166 sententia,
876 3107 894 3157 fi
920 3112 976 3174 quis
995 3112 1063 3167 aliem

201 3168 297 3226 sentiat,
314 3186 367 3218 cum
378 3184 408 3218 eo
420 3186 469 3219 non
479 3170 667 3236 contempserim.
701 3176 726 3220 P.
738 3175 824 3221 liano.

235 3240 271 3289 58.
289 3239 314 3279 ln
324 3236 448 3290 ammira]
463 3238 528 3281 Locus
538 3234 566 3295 est
575 3234 757 3293 Arrunienstum,
774 3236 851 3298 inquit
863 3234 992 3298 Hesychius
1002 3271 1011 3296 ,
1026 3240 1066 3290 ubi

198 3296 269 3359 scorta
281 3294 463 3357 prostituebantur.
496 3301 553 3345 Sum
564 3309 641 3346 autem
653 3294 701 3345 duo
712 3299 846 3354 cormarici,
863 3298 922 3347 alter
937 3299 1001 3349 intra
1011 3316 1065 3352 mu·

205 3372 258 3413 ros,
273 3358 311 3406 ubi
320 3356 442 3422 quondam
454 3359 616 3409 Caleollhenis
625 3356 720 3408 officina
730 3360 774 3411 fuit
785 3395 793 3418 ,
807 3363 832 3410 δι
843 3361 902 3409 alter
912 3359 1066 3425 suburbanos,

208 3423 232 3469 io
243 3434 293 3481 quo
304 3435 352 3470 erat
364 3418 488 3485 Chrysippi
503 3420 611 3476 sedentia.
636 3421 704 3487 hujus
719 3424 767 3476 loci
782 3422 967 3479 memiaittdem
977 3427 1066 3479 Cicero

142 3504 151 3525 ο
202 3500 234 3539 rr.
252 3483 349 3569 (ἕως.
388 3494 424 3536 Λ.
434 3487 521 3536 Manat.

61 3542 214 3710 ἢ
938 3564 977 3610 aa
992 3554 1066 3605 uella
