2318 3914
260 120 449 187 Irrnnn
491 120 788 191 renerus.
881 140 964 207 2453

80 226 139 289 effe
153 227 255 298 causae,
275 230 459 307 quamobrem
475 227 640 304 quibusdam
655 240 911 306 anteponerentur,
933 240 967 289 ut

80 294 293 378 invalitudine,
313 320 343 367 ut
365 308 395 367 in
417 306 574 380 integritate
593 303 718 365 sensuum
735 349 745 376 ,
764 306 836 365 utin
858 305 963 365 doloris

84 384 244 452 vacuitate,
272 396 323 442 =ut
344 383 469 458 gloriae,
489 380 672 452 divitiarum,
691 382 820 441 similium
842 399 934 461 rerum
951 378 1093 457 :titulos

85 457 137 516 alia
153 457 265 519 bautern
279 479 341 520 non
357 456 411 516 effe
425 456 580 533 ejusmodi:
602 457 730 535 Itemque
752 476 874 525 eorum,
895 476 959 535 quae
969 457 1018 552 {lar
1034 446 1103 556 Ψ.

83 534 158 593 nulla
172 535 357 607 aestimatione
371 534 454 609 digna
467 529 553 593 effent
567 577 576 604 ,
596 534 696 609 partim
710 534 769 593 satis
782 533 882 593 habere
894 552 961 594 cau·
970 520 1012 617 ,ξξ
1024 524 1115 620 {egnu-

80 609 143 677 sae,
162 613 350 687 quamobrem
365 612 566 688 rejicerentur,
592 623 624 669 ut
639 611 767 671 dolorem
783 653 792 680 ,
813 609 959 680 morbum,
971 604 1046 682 La'm't.
1066 609 1074 622 “

79 685 207 747 sensuum
221 689 417 758 amiffionem,
436 698 643 764 paupertatem,
663 688 866 763 ignominiam,
887 685 1084 771 frmi-burotam·

79 763 115 821 lia
131 765 252 823 horum:
274 766 374 840 partim
387 783 456 825 non.
494 765 623 842 Itemque
636 765 703 823 hinc
724 760 778 823 else
791 763 859 823 illud
877 780 958 821 exor-
968 762 1085 815 ‘lumb

79 851 142 896 tum
159 882 167 910 ,
187 841 267 916 quod
289 843 370 901 Zeno
390 845 550 914 προηγμένον
567 884 575 912 ,
602 853 755 917 contraque
781 840 861 917 quod
888 822 1022 897 baa-MS·

78 920 246 985 προηγμένον
264 919 444 988 nominavit,
471 916 536 976 ciam
557 930 680 978 uteretur
693 919 722 976 in
734 919 828 992 lingua
848 916 960 992 copiosa

77 991 159 1049 factis
180 1005 274 1053 tamen
294 994 452 1057 nominibus
471 1013 504 1053 ac
525 996 628 1055 novis:
656 994 734 1071 quod
758 994 837 1052 nobis
858 995 887 1052 in
906 995 960 1053 hac

79 1067 160 1140 inopi
173 1068 337 1144 linguanon
352 1071 521 1131 conceditur.
540 1089 712 1148 quamquain
725 1083 755 1129 tu
771 1071 843 1129 hanc
858 1071 959 1145 copio-

79 1141 181 1202 fiorem
197 1149 278 1205 etiarn
295 1147 386 1207 dicere
408 1147 484 1207 soles.
523 1147 569 1206 sed
590 1166 648 1206 non
669 1146 791 1205 alienum
814 1146 876 1216 est,
895 1164 955 1223 quo

79 1219 183 1279 facilius
196 1223 235 1281 vis
249 1223 325 1282 verbi
338 1225 520 1300 intelligatur,
540 1225 678 1283 rationem
698 1224 778 1300 hujus
800 1223 876 1282 verbi
891 1225 977 1282 cfr-⁶
991 1214 1089 1270 facundi

81 1296 174 1355 ciendi
186 1296 308 1359 Zenonis
322 1318 472 1375 exponere.
963 1283 1019 1333 MS·

116 1372 194 1433 XVI.
213 1377 272 1434 Ur
294 1396 419 1448 nuru,
440 1377 545 1454 inquit,
562 1395 653 1436 nemo
669 1376 751 1445 dicit,
771 1378 800 1437 in
817 1378 890 1453 regia
909 1395 953 1436 re·
965 1393 999 1450 52

75 1464 141 1521 gem
156 1449 243 1526 ipsum
258 1454 333 1530 quafi
349 1453 516 1529 productum
532 1452 585 1513 else
599 1454 635 1513 ad
648 1453 811 1529 dignitatem
826 1456 952 1527 (idenim

74 1524 115 1582 est
137 1530 310 1602 προηγμένον)
329 1531 375 1589 sed
403 1550 475 1600 eos,
529 1532 558 1590 ui
577 1531 606 1591 in
627 1530 719 1606 aliquo
742 1532 852 1597 honore
875 1530 952 1600 suu,

71 1618 196 1675 quorum
209 1605 280 1664 ordo
295 1606 423 1682 proxime
438 1548 544 1667 accedit
560 1650 569 1676 ,
589 1620 619 1665 ut
633 1603 786 1666 dsecundus
799 1606 832 1665 sit
853 1606 888 1679 ad
907 1614 976 1673 rte-d
993 1619 1071 1691 mat.

73 1678 152 1751 gium
173 1681 357 1757 principatum
373 1683 446 1746 :..s1c
468 1685 497 1743 in
511 1685 566 1742 vita
580 1702 640 1742 non
655 1701 687 1742 ea
702 1725 711 1753 ,
730 1681 757 1724 ⁶¹
770 1701 834 1760 quae
847 1684 949 1759 prima·
958 1684 1013 1738 ⁶⁰²¹1'·
1024 1680 1064 1729 Μ

72 1753 115 1812 rio
132 1755 197 1815 loco
211 1758 289 1829 sunt,
308 1759 356 1819 sed
370 1778 419 1829 ea,
439 1779 504 1837 quae
517 1759 669 1819 secundum
682 1760 779 1819 locum
804 1761 948 1831 obtinent,
959 1741 1073 1855 slelcuudns

71 1836 248 1902 arrarum,
267 1835 348 1895 idest
368 1835 519 1911 producta,
532 1837 724 1895 nominentur.
762 1854 826 1912 quae
848 1838 895 1897 vel
912 1819 1088 1921 ita¹fitfoem⁰⁸

65 1909 243 1981 appellemus
262 1912 304 1986 <id
318 1914 370 1972 erit
382 1914 499 1972 verbum
516 1912 531 1971 ὲ
545 1913 644 1987 verbo)
664 1911 692 1952 ⁶2
703 1911 749 1970 vel
762 1927 893 1987 promota
920 1915 951 1977 &

71 1999 202 2054 remota,
221 1987 283 2058 vel,
303 2002 335 2047 ut
347 1987 454 2048 dudum
471 1988 608 2056 diximus,
627 1987 799 2063 praeposita,
819 1989 865 2048 vel
880 2005 951 2063 prae-

70 2061 155 2133 cipua
181 2064 211 2121 &
230 2064 274 2122 illa
295 2065 407 2140 rejcda.
446 2084 475 2123 re
495 2067 572 2125 enim
589 2063 731 2124 inteleeta
755 2065 785 2123 in
800 2064 950 2129 verborum
974 2118 977 2123 .

73 2137 124 2194 usu
139 2139 232 2198 faciles
245 2136 299 2198 effe
314 2141 456 2203 debemus.
996 2188 1000 2197 .
1039 2186 1044 2197 .
1083 2184 1087 2195 -

112 2216 258 2288 Quoniam
280 2230 375 2278 autem
397 2236 507 2287 omne,
527 2217 606 2295 quod
625 2217 663 2290 est
682 2218 789 2279 bonum
805 2261 814 2287 ,
829 2219 998 2294 primun153

69 2287 169 2349 locum
184 2305 278 2351 tenere
300 2295 442 2366 dicimus,
468 2293 576 2356 necelle
591 2295 652 2364 est,
672 2312 725 2356 nec
748 2297 856 2356 bonum
871 2291 925 2354 effe
941 2337 951 2366 ,

69 2383 126 2423 nec
147 2369 252 2427 malum
274 2369 331 2430 hoc
353 2414 362 2441 ,
381 2372 459 2449 quod
479 2371 683 2447 praeposrtum,
708 2373 754 2431 vel
774 2372 948 2449 praecipuum
1011 2386 1015 2393 ·

68 2445 262 2505 nominamus.
297 2448 391 2525 itaque
404 2449 433 2509 id
447 2448 592 2509 definimus
607 2491 616 2521 ,
635 2448 714 2526 quod
726 2447 759 2509 fir
771 2447 950 2519 indifferens,
993 2432 1018 2483 Ρ·
1038 2431 1067 2486 ¹·

884 2543 951 2586 cum

70 2686 112 2737 ubi
128 2689 169 2739 alii
183 2689 254 2750 libri,
273 2695 411 2762 Qaarnqrrr
425 2701 559 2762 opportuna
576 2693 703 2754 dicuntur,
725 2694 829 2751 Veneti,
844 2698 950 2760 Qaeqru.
1041 2708 1044 2713 ·

68 2750 136 2801 Mihi
148 2755 213 2804 venit
228 2757 254 2805 in
271 2772 377 2807 mentem
393 2761 457 2809 redte
473 2761 521 2823 legi
540 2772 642 2821 utroque
658 2761 684 2808 in
700 2759 757 2809 loco
774 2755 843 2822 polle¹
855 2776 948 2823 quaque.
974 2818 977 2823 .

71 2816 195 2939 (ῗωειῖῐ.
225 2821 355 2870 Lambinus
371 2820 449 2886 legit,
464 2825 512 2871 alia
531 2835 630 2870 neutrum
647 2839 716 2886 ,qua
737 2836 810 2870 autem
826 2820 950 2882 estimanda

73 2895 83 2922 e
101 2892 151 2937 ent,
168 2895 213 2932 σε.

105 2949 142 2990 61.
159 2946 215 3008 Qu
230 2945 336 3007 primario
353 2946 394 2992 loro
406 2948 482 3006 [ann]
520 2952 614 2996 Locum
634 2947 714 2997 minus
735 2946 854 3010 integrum
870 2946 951 3010 prodit

71 3004 161 3066 primus
172 3007 219 3056 Pal.
234 3007 259 3054 in
271 3021 334 3069 quo,
347 3012 461 3070 primarii.
479 3011 522 3060 sec.
534 3012 559 3059 in
571 3027 620 3072 quo
630 3015 732 3072 primore.
749 3008 860 3072 scaligeri
874 3025 949 3068 verus,

72 3068 115 3138 qui
133 3074 244 3131 primiore.
261 3071 422 3136 ultimumque
442 3088 543 3122 meretur
556 3087 658 3122 examen
670 3071 743 3122 lubire
759 3073 852 3123 crirtcae
867 3075 952 3136 juven-

69 3140 135 3180 tutrs.
153 3137 240 3185 Gruter.
648 3174 650 3179 .

103 3201 140 3242 ⁶2.
159 3199 196 3244 Vel
202 3210 301 3261 promota
322 3198 349 3251 da*
362 3212 457 3256 remota,
472 3200 523 3256 vel,
538 3212 562 3246 att
572 3201 654 3248 dudum
661 3199 771 3255 diximus,
785 3201 904 3263 prepofita,
915 3202 954 3247 vel

64 3259 174 3318 precipua
187 3261 213 3313 ir
229 3263 271 3309 illa
282 3263 379 3322 repella]
404 3263 482 3312 Nolui
493 3263 599 3315 recedere
608 3263 637 3313 ab
644 3260 750 3313 editione
760 3264 871 3322 vittoni,
883 3263 952 3327 quod

69 3317 288 3375 itaetiamcxstrtret
300 3326 325 3373 in
333 3326 389 3378 Pali.
397 3325 495 3381 nostris,
511 3330 585 3375 etiam
595 3328 687 3390 primoe
704 3326 746 3376 nifi
759 3327 824 3391 quod
834 3329 853 3376 is
864 3328 951 3376 ultima

65 3396 144 3454 ⁹9⁶⁶,
160 3389 242 3447 reialta.
258 3391 423 3440 Manutius&
439 3389 570 3440 Lambinus
584 3389 702 3451 demunt,
719 3390 808 3444 addunt
824 3424 832 3452 ,
848 3390 888 3441 led
899 3406 950 3439 non

65 3458 142 3498 ettam
151 3450 306 3514 praeeuntibus
316 3451 383 3507 libris
398 3452 502 3507 vuallia.
536 3455 606 3504 Idem.
884 3512 889 3522 Ι

486 3519 536 3568 Str
549 3533 589 3567 rrs
604 3532 646 3579 ³4
860 3521 899 3572 63.
913 3514 952 3573 M
