2318 3914
248 120 440 193 Lrauu
482 124 780 207 Qururua.
887 137 969 209 2527
1037 184 1041 194 .

88 238 219 300 efficitur.
260 246 328 297 nam
355 236 420 295 ctlm
442 235 481 293 ita
509 235 567 293 nati
606 236 728 313 factique
756 235 862 305 fimus,
888 238 967 297 ut&

87 317 192 393 agendi
205 314 323 393 aliquid,
342 314 374 373 &
390 310 521 386 diligendi
533 311 639 388 aliquos
656 356 664 381 ,
685 316 715 371 &
727 312 912 383 liberalitatis,
932 314 964 373 δε

85 392 243 452 referendae
255 392 351 467 gratiae
365 390 498 465 principia
510 389 539 447 in
548 389 627 447 nobis
638 391 862 467 contineremus,
880 402 965 467 atque

86 469 126 528 ad
145 470 308 537 scientiam,
327 466 503 543 prudentiam
535 466 785 541 fortitudinemque
805 478 885 542 aptos
904 468 966 526 ani·¹

85 561 153 604 mos
166 546 328 604 haberemus
355 543 373 601 a
394 542 590 618 contrariisque
604 542 683 600 rebus
697 542 817 601 alienos:
838 543 962 602 nonfine

85 621 166 680 causa
180 638 242 691 eas,
261 639 329 697 quas
344 621 417 687 dixi,
436 619 464 675 in
480 619 569 693 pueris
583 620 717 677 uirtutum
740 620 815 694 quast
834 620 965 679 scintillu-

82 697 123 755 las
139 696 289 765 videmus‚
311 697 439 771 equibus
459 694 573 753 accendi
595 694 750 770 philosophi
771 700 840 756 ratio
862 697 963 767 debet,

81 785 116 831 ut
130 779 211 844 eam,
232 774 308 851 quast
328 775 449 840 Deum,
470 769 572 829 ducem
592 772 780 847 subsequens,
800 774 834 833 ad
855 788 963 833 naturae

79 852 227 925 perveniat
242 864 408 909 extremum.
446 865 529 920 nam,
548 862 580 908 ut
591 849 664 924 saepe
674 850 735 923 jam
750 849 822 920 dixi,
842 850 871 908 in
887 852 962 911 inilr·

80 944 132 985 ma
155 939 237 985 aetate
258 927 450 1002 imbecillaque
470 937 565 983 mente
579 928 619 984 vis
633 939 740 985 naturae
748 944 797 1000 per
809 926 958 1001 caliginem

78 1005 213 1062 cernitur.
252 1002 316 1061 cum
331 1015 424 1061 autem
440 1002 616 1077 progrediens
631 1000 812 1063 confirmatur
832 1006 960 1077 animus,

73 1080 205 1154 agnoscit
218 1080 262 1138 ille
277 1081 389 1156 quidem
405 1092 512 1137 naturae
528 1080 586 1138 vim
603 1123 611 1147 ,
630 1081 676 1139 sed
696 1080 757 1149 ita,
777 1092 808 1138 ut
828 1084 959 1157 progredi

77 1155 163 1231 poffit
176 1156 303 1231 longuis,
322 1155 411 1232 perse
427 1153 458 1212 stt
474 1168 571 1214 tamen
585 1157 723 1216 inchoata.

119 1232 199 1291 XVI.
219 1234 463 1292 luruaunuu
486 1233 523 1291 est
545 1233 625 1308 igitur
645 1234 674 1292 in
695 1250 787 1291 rerum
804 1245 929 1297 naturam
946 1254 1005 1314 ,44

78 1310 112 1369 δε
125 1310 251 1384 penitus,
271 1310 338 1387 quid
351 1328 383 1368 ea
397 1309 530 1384 poliulet,
550 1309 762 1384 pervidendum.
787 1311 864 1370 aliter
877 1316 955 1375 euim

77 1389 263 1462 nosmetipsos
275 1384 353 1445 nolle
366 1404 425 1446 non
439 1382 588 1460 poliumus.
608 1386 686 1463 quod
700 1400 871 1462 praeceptum
887 1392 953 1467 quia

76 1464 168 1537 majus
204 1476 261 1523 erat
307 1464 373 1521 uam
400 1473 432 1520 ut
458 1462 492 1520 ab
511 1462 629 1522 homine
651 1461 812 1532 videretur,
847 1465 953 1526 idcirco

78 1541 240 1617 affiguutum
267 1482 305 1599 ed
326 1542 402 1598 Deo.
437 1538 518 1613 jubet
536 1541 617 1615 igitur
639 1558 690 1598 nos
710 1540 824 1615 Pythius
845 1542 951 1618 Apollo
981 1562 984 1567 ·

75 1617 192 1676 noscere
206 1616 397 1693 nosmetipsos.
435 1614 560 1691 cognitio
573 1628 667 1674 autem
682 1617 744 1674 haec
760 1616 798 1674 est
817 1631 872 1677 una
892 1663 901 1689 ,
921 1632 953 1681 ut

75 1694 139 1751 vim
163 1695 245 1753 nostri
267 1695 389 1769 corporis
416 1694 558 1767 animique
584 1694 710 1752 norimus
748 1692 950 1774 sequamurque
990 1704 1015 1755 r.
1037 1706 1087 1765 Ιψ

75 1788 141 1829 eam
162 1772 273 1840 vitam,
300 1782 402 1845 atquae
422 1770 500 1827 rebus
523 1768 583 1844 ipfis
602 1770 764 1844 perfruatur.
802 1774 949 1846 Quoniam

41 1856 46 1865 '
75 1858 171 1906 autem
186 1848 207 1906 is
221 1847 307 1906 animi
321 1844 485 1921 appetitusd
507 1846 642 1920 principio
658 1846 734 1915 fuit,
760 1857 791 1904 ut
806 1864 838 1905 ea
855 1891 864 1918 ,
884 1868 949 1925 quae

74 1924 149 1993 dixi,
170 1924 255 1999 quam
270 1921 461 1999 perfeetiilima
474 1920 490 1979 a
504 1935 599 1979 natura
613 1922 791 1980 haberemus:
812 1925 950 1986 confiten-

73 2000 143 2059 dum
159 2002 213 2070 etl,
232 2000 297 2058 cium
311 1999 339 2058 id
354 1997 446 2072 adepti
461 1996 561 2067 fimus,
580 1998 658 2074 quod
677 2000 830 2074 appetitum
845 2001 900 2071 fit,
919 2006 949 2067 in

30 2141 37 2147 ,
74 2094 111 2136 eo
125 2077 201 2153 quasi
217 2077 317 2134 ultimo
332 2074 476 2133 consistere
491 2086 634 2142 naturam,
654 2087 737 2209 atpue
757 2075 785 2134 id
807 2074 860 2135 elle
875 2080 950 2139 sum-

72 2172 153 2213 mum
171 2156 293 2212 bonum:
314 2151 391 2228 quod
406 2149 481 2208 certe
501 2151 659 2209 universum
690 2168 724 2209 ua
735 2150 841 2238 ‘sponte
858 2154 948 2230 ipsum

72 2230 166 2309 expeti
195 2233 224 2288 &
253 2241 364 2305 propter
390 2226 417 2284 le
437 2225 544 2286 neceile
560 2228 622 2296 est,
654 2245 788 2304 quoniam
812 2230 876 2290 ante
896 2232 947 2292 de·

71 2307 255 2366 monstratum
271 2307 326 2376 eii,
347 2306 431 2365 etiam
453 2304 567 2381 singulas
589 2305 757 2382 ejuspartes
777 2302 830 2366 eise
849 2310 944 2385 perse

69 2404 106 2443 ex
128 2384 247 2443 etendas.

108 2402 144 2520 in
160 2460 352 2519 enumerandis
366 2472 460 2520 autem
475 2459 597 2534 corporis
610 2456 768 2519 commodis
782 2460 862 2538 fiquis
874 2468 946 2540 prae:
954 2463 990 2544 4'5

33 2580 38 2591 ·
68 2536 220 2600 termillam
236 2537 252 2596 a
267 2537 346 2596 nobis
358 2539 530 2614 voluptatem
544 2536 673 2612 putabit,
693 2538 723 2596 in
743 2537 816 2599 aliud
830 2552 941 2617 tempus

860 2636 941 2695 quae·

66 2782 188 2835 ablurdius
198 2782 285 2847 dicere)
301 2783 335 2834 est
355 2783 428 2847 qulm
443 2794 469 2832 ut
479 2781 596 2847 potuerim
607 2794 714 2848 unquam
725 2780 789 2832 hunc
798 2782 879 2836 locum
888 2796 940 2837 nota

67 2848 132 2897 vau'e
143 2860 310 2895 commentans
320 2848 405 2910 legere.
416 2852 456 2904 Et,
466 2847 681 2911 opinor‚omnibus
692 2850 814 2912 ignoratur
823 2847 940 2899 sententia

68 2913 138 2969 huius
148 2912 273 2965 carminis,
289 2924 360 2974 quum
376 2910 404 2958 tit
422 2910 521 2958 nullum.
539 2909 583 2958 Sed
593 2925 668 2974 quum
680 2914 788 2974 proxime
804 2913 938 2972 pramiletit

66 2978 154 3028 Cicero
164 2973 253 3023 semina
265 2975 378 3022 virtutum
393 2972 473 3021 haberi
489 2972 518 3020 ab
534 2973 670 3022 homiuibus
688 2973 852 3030 nascentibus,
870 2973 939 3033 subii*

67 3041 119 3094 cit,
134 3040 211 3102 quibus
220 3040 289 3085 uallis
303 3040 394 3084 virtutis
408 3036 469 3099 quast
479 3051 565 3097 germen
580 3036 686 3098 (βιαίων,
707 3052 758 3099 quae
776 3036 808 3083 est
824 3039 939 3100 palmaria

67 3100 183 3148 restirurio
193 3103 277 3164 patris,
293 3113 320 3147 ut
331 3112 395 3162 paret
405 3114 435 3147 ex
446 3111 593 3155 atramento,
610 3108 659 3160 quo
674 3115 729 3148 eam
744 3100 863 3150 commitit
874 3118 940 3150 mar·

68 3164 119 3226 giui
131 3164 214 3211 infimo
224 3164 366 3226 exemplaris
376 3163 425 3217 sui,
439 3162 598 3211 nonmultum
609 3177 666 3212 aute
676 3175 781 3212 mortem
792 3163 821 3212 ad
831 3164 891 3214 hauc
898 3180 941 3215 vt⁴

67 3224 183 3274 tillimam
193 3226 321 3275 lectionem
335 3224 455 3290 progressa.
488 3228 584 3275 Gronov.

102 3304 141 3342 37.
157 3292 211 3351 Qua
225 3294 282 3338 rebus
297 3291 346 3353 r'psts
358 3288 506 3352 perfruiturum]
526 3288 561 3335 Sic
577 3286 651 3336 editio
662 3287 768 3341 vittoni.
791 3305 847 3339 nam
865 3289 936 3348 Aldi,

62 3352 202 3416 perficiatur,
218 3353 343 3415 quomodo
355 3356 379 3402 δι
393 3352 450 3401 Pali.
463 3365 548 3399 omnes
559 3365 640 3413 practer
650 3365 725 3416 quart.
733 3355 757 3401 in
766 3370 815 3418 quo
827 3354 884 3403 iilud
892 3370 939 3402 no·

65 3416 140 3464 lirum
152 3449 159 3470 ,
178 3418 202 3463 dc
213 3414 270 3467 lexa.
281 3418 305 3464 in
316 3431 365 3481 quo
373 3415 503 3477 pcrftratur.
530 3412 603 3467 male.
623 3418 704 3481 primo
713 3419 778 3470 euim
787 3419 846 3469 loco
861 3416 939 3482 posita

65 3494 118 3529 non
130 3478 162 3529 est
173 3476 329 3535 sollicitanda.
360 3483 450 3533 Gnaei.

470 3543 538 3597 Zaa
553 3560 649 3601 aaa&
860 3550 904 3602 ah·
918 3540 962 3589 1⁶·
