2318 3914
222 108 306 193 2776
375 108 569 197 Tuscus
591 107 981 178 Drsrurarroubu

218 231 302 291 rum,
320 220 442 298 quinon
457 220 542 300 longe
558 221 576 282 *a
591 222 721 298 sapientia
734 221 845 294 absunt,
864 222 981 284 affediio
994 223 1033 287 est
1049 228 1102 303 dep

67 292 86 345 k
98 294 116 373 ξ
127 293 210 363 seinse
218 295 335 431 ffitidem
348 297 501 376 discrepans
514 299 584 361 kfibi
595 299 669 376 ipsa,
687 300 756 360 dum
771 300 808 360 est
819 299 1023 378 insipiens,sed
1036 314 1103 369 nont

68 358 119 413 “u-
242 372 357 446 sorta,
383 393 439 437 nec
468 396 561 454 prata.
597 378 689 437 morbi
711 388 804 436 autem
837 379 868 438 dt
896 396 923 437 ae
956 360 1105 475 orauere}

218 464 308 526 partes
323 452 384 513 sunt
399 455 566 515 vitiofitatis:
586 455 633 515 sed
647 454 862 532 perturbationes
878 496 889 526 ,
915 396 957 515 fr

219 526 284 588 dem
300 547 403 605 partes,
425 533 541 608 quaestio
555 533 601 593 est.

172 623 211 684 30
258 608 334 667 Vitia
358 610 435 669 enim
462 608 623 670 affeetiones
637 610 698 670 sunt
719 620 887 670 manentes:
906 610 1086 685 perturbatio·

217 700 267 742 nes
281 698 376 745 autem
404 700 552 748 moventes
568 730 576 759 ,
596 700 627 748 ut
646 706 705 748 non
719 687 819 763 potiint
832 685 1018 747 affediionurn
1032 707 1085 749 ma·

215 762 344 821 nentium
358 776 447 840 partes
468 763 531 824 elle.
568 778 652 841 atque
673 778 704 823 ut
725 767 755 823 in
776 763 853 822 malis
872 763 987 839 attingit
1006 767 1085 827 animi

173 860 175 867 ·
214 850 341 922 naturam
356 842 479 918 corporis
492 842 642 902 similitudo
658 885 667 912 ,
686 841 723 901 fic
744 841 773 900 in
792 839 880 899 bonis.
923 839 987 899 sunt
1015 844 1083 903 enin

214 927 376 1000 incorpore
390 922 547 996 praecipua,
566 919 747 996 pulcritudo,
764 919 853 986 vires,
873 916 1026 989 valitudo,
1043 918 1082 979 st·

213 1002 320 1064 mrtas,
345 995 500 1056 velocitas:
520 998 581 1056 sunt
606 1000 674 1056 item
702 999 731 1055 in
758 997 864 1054 aniano.
902 993 951 1052 En
973 998 1078 1057 4¹enim

111 1113 121 1131 .
154 1114 162 1131 ,
179 1085 196 1139 η’
213 1073 337 1145 corporis
351 1075 536 1149 temperatio,
556 1074 622 1133 ciam
636 1092 669 1132 ea
677 1086 833 1148 congruunt
847 1074 921 1129 inter
932 1070 980 1139 se,
1000 1069 1080 1149 eqtu'·
1113 1090 1120 1165 p

213 1141 262 1203 bus
282 1148 463 1221 constamus,
489 1150 606 1210 sanitas:
633 1150 670 1209 fic
690 1152 775 1209 animi
795 1149 919 1218 dicitur,
940 1148 1007 1207 cbm
1029 1150 1079 1221 eius

207 1217 312 1295 judicia
332 1227 536 1302 opinionesque
552 1226 749 1295 concordant,
769 1242 858 1300 eaque
871 1226 962 1283 animi
986 1225 1080 1284 ellvir·

28 1342 31 1347 .
210 1307 276 1356 tus:
296 1318 381 1376 quarn
402 1304 448 1363 alii
466 1305 551 1380 ipsam
578 1304 789 1378 temperantiam
811 1302 908 1360 dicunt
930 1298 1010 1370 eile,
1039 1302 1077 1361 alii

60 1380 160 1432 ratam
211 1375 450 1452 obtemperantem
465 1383 656 1456 temperantiae
670 1381 812 1456 praeceptis
829 1419 838 1443 ‚
857 1380 888 1437 &
903 1379 983 1436 ¹eam
999 1377 1077 1437 ¹¹snb·

60 1450 173 1559 sssdbse-
211 1448 391 1529 sequentem,
410 1475 464 1518 nec
476 1459 624 1517 habentem
640 1458 722 1516 ullam
736 1456 855 1533 speciem
869 1455 973 1515 suam:
992 1454 1037 1514 sed
1048 1452 1075 1512 li·

1046 1546 1076 1589 te

62 1586 177 1635 quentent

61 1636 172 1690 «aaut.

926 465 1009 516 rntne
1023 459 1084 547 ejus·
1101 482 1108 581 ἰ

211 1697 312 1747 cationis
322 1700 455 1753 intermissae
469 1703 586 1754 rationem
598 1701 694 1751 reddere
704 1717 753 1751 non
766 1699 862 1762 placuit.
891 1712 942 1747 non
954 1696 1020 1748 enirn
1029 1710 1075 1748 ma-

211 1760 249 1822 gis
257 1765 339 1813 Grata
349 1764 515 1831 suppetebant,
531 1765 650 1830 dequibus
661 1768 744 1814 certius
756 1764 844 1826 aliquid
856 1761 1000 1811 constituere
1008 1758 1075 1828 post·

211 1836 273 1875 mus·
306 1831 334 1876 ln
345 1828 381 1879 bis
392 1833 400 1881 i
419 1833 464 1881 itur
473 1846 498 1881 ut
508 1832 681 1882 dubitationem
692 1831 729 1877 vel
741 1831 814 1876 etiarn
829 1828 994 1892 ignorantiam
1005 1822 1073 1876 eonii·

211 1886 256 1958 reri
266 1902 345 1939 meam
359 1907 478 1957 optrmurn
490 1896 582 1961 putavi:
599 1891 631 1942 iic
644 1889 718 1942 ausint
735 1889 870 1946 affirmare,
886 1902 939 1952 que
955 1889 1071 1952 sequantur
1117 1910 1120 1941 :

210 1960 246 1997 tta
258 1949 305 2015 legi
315 1952 411 2006 debere:
428 1962 484 2007 Sunt
494 1964 550 2007 enim
564 1962 589 2005 ia
604 1968 685 2018 carpere
696 1958 800 2018 precipue
811 1986 818 2008 ,
831 1953 990 2017 pulchritudo,
1004 1954 1057 1999 viret
1064 1982 1071 2005 ,

211 2014 324 2074 valetudo,
337 2019 448 2080 firmitas,
463 2025 572 2071 velocitas.
603 2023 659 2068 Sunt
669 2022 719 2066 item
731 2021 753 2062 iu
767 2020 848 2065 enr'me.
880 2029 906 2064 ut
919 2018 980 2062 enim
995 2016 1074 2078 coeperit

210 2084 346 2141 temperatio,
363 2100 411 2130 eum
419 2102 444 2132 ee
454 2099 568 2147 congruunt
577 2086 634 2131 iuter
639 2083 683 2144 fe,
715 2080 725 2127 ι’
743 2082 819 2143 quibus
833 2078 951 2137 constemus
963 2112 970 2137 ,
982 2078 1072 2139 ferrieres

206 2145 239 2203 fic
253 2147 323 2190 enimi
332 2147 428 2204 de'eirur;
442 2165 490 2195 cum
499 2152 544 2207 ejus
556 2148 645 2208 judicie
660 2148 804 2207 opinionesque
820 2144 951 2193 remordent.
985 2144 1072 2190 Comen

212 2212 261 2253 Neu
275 2211 332 2254 enim
345 2226 404 2256 emet
411 2213 494 2257 uitium
501 2223 571 2273 parter
587 2211 646 2256 hebet
657 2210 817 2269 dispertientes]
846 2211 916 2254 Hunc
926 2207 1008 2255 locum
1017 2202 1072 2253 ficto

211 2269 272 2335 pede
291 2271 376 2334 reliqui
396 2285 533 2334 pretereunt
547 2274 685 2335 interpretes
695 2289 704 2328 ς
727 2270 750 2320 se
766 2285 817 2318 non
836 2270 971 2333 intelligere
994 2268 1072 2319 fatetur

212 2332 297 2395 Joaeb,
319 2336 475 2386 Camerarius.
511 2341 553 2384 Me
574 2335 629 2384 sane
649 2332 716 2398 quod
731 2333 833 2389 attinet,
848 2329 910 2381 baud
930 2332 1019 2396 capio,
1033 2329 1072 2394 qui

210 2414 270 2442 omne
285 2398 369 2443 vitium
381 2411 450 2459 parter
464 2417 505 2445 non
519 2402 592 2446 heheu
607 2399 762 2458 diffinientes,
789 2393 836 2442 crim
858 2413 949 2451 terum,
981 2398 1021 2457 qui
1037 2410 1073 2440 nee

210 2459 271 2519 lengi
282 2459 298 2505 ἁ
305 2460 411 2521 sapientia
424 2463 516 2522 absunt,
533 2461 614 2521 effebiie
625 2461 654 2519 fit
669 2463 710 2508 ille
723 2460 840 2520 duserepens
850 2460 891 2517 fibi
901 2461 967 2520 ipfe3
982 2456 999 2505 fi
1013 2458 1072 2506 enirn

210 2523 295 2570 vitium
322 2536 382 2571 artes
393 2538 442 2572 non
455 2524 524 2574 babet
534 2523 711 2580 dissentientes,
731 2521 856 2586 quomodo
876 2521 925 2570 fieri
940 2518 1034 2583 potest,
1049 2532 1072 2569 ut

211 2584 241 2633 stt
254 2537 348 2633 affedio
360 2584 402 2634 fibi
416 2585 464 2650 ipsa
479 2588 629 2652 discrepans?
645 2584 827 2636 Rescribendum
839 2598 896 2649 puto
909 2619 916 2640 ,
928 2588 1005 2630 etenim
1019 2600 1073 2631 earet

211 2652 292 2695 vitium
305 2661 376 2708 partes
388 2653 448 2696 belet
459 2655 616 2715 dffl'entienret,
646 2665 675 2701 uc
688 2661 741 2702 tum
757 2649 853 2699 demum
868 2646 973 2698 solvetur
982 2646 1072 2704 nodus,

210 2724 250 2761 aut
262 2711 344 2759 saltem
355 2711 474 2764 secabitur.
507 2718 586 2776 Davefi

240 2792 277 2837 41.
299 2781 390 2836 (reperis
400 2782 520 2838 temperatio
531 2797 577 2825 crem
588 2794 613 2825 ee
621 2783 755 2839 congruunt]
783 2773 899 2826 ltaestin
912 2774 1075 2839 vulgatistli·

209 2837 251 2886 ber
261 2837 428 2901 manuscriptus
439 2840 508 2889 habet
521 2874 529 2894 ,
546 2842 599 2899 ficut
608 2845 664 2887 enim
675 2844 765 2895 coeperis
775 2844 896 2901 temperatio
908 2872 915 2894 ‚
944 2841 991 2891 &a
1025 2852 1074 2898 <1¹¹2

209 2903 300 2950 viderur
311 2904 397 2950 melior
407 2903 486 2951 lessio.
504 2903 541 2951 sed
552 2919 604 2951 eum
617 2904 732 2951 addantur
744 2903 792 2950 duo
803 2900 873 2951 verba
886 2935 892 2955 ,
910 2902 1037 2963 minusque
1048 2899 1074 2950 fit

208 2977 363 3029 transponere
379 2966 448 3013 verba
469 2969 541 3027 quarn
557 2966 655 3022 addere,
672 2968 704 3013 ira
715 2967 812 3030 legerim
826 2981 833 3012 t
849 2966 905 3010 Sunt
920 2970 977 3011 euim
994 2969 1017 3010 in
1032 2981 1073 3009 ror-

205 3039 255 3089 pere
272 3031 558 3091 valetudo‚pulrbrr'rudo‚
576 3033 652 3085 viret,
676 3031 795 3076 velocitas:
806 3030 859 3089 funt
879 3031 930 3073 irem
951 3032 975 3074 in
997 3034 1073 3077 anime.

205 3094 311 3153 preripuit
319 3096 409 3147 terporis
420 3098 541 3151 temperatio
552 3129 558 3143 ,
574 3109 621 3140 cum
631 3109 655 3139 te
666 3105 779 3150 congruunt
792 3096 847 3137 e'nter
857 3091 899 3148 se,
915 3090 925 3136 e'
939 3092 1017 3151 quibua
1030 3109 1076 3136 rore·

203 3153 287 3213 stamus
299 3174 307 3201 .·
320 3155 403 3212 sanitas
418 3157 443 3205 fit
453 3159 524 3203 animi
533 3159 621 3205 dicitur.
639 3152 715 3201 Urfirt.
743 3158 859 3202 sentirem
872 3158 895 3199 in
906 3157 988 3203 anime.
1011 3157 1074 3200 Enim

208 3222 298 3277 corperis
310 3223 383 3278 retusa]
416 3218 491 3266 Malui
509 3221 609 3274 iocum,
628 3231 652 3265 ut
668 3216 755 3279 [rostris
767 3219 791 3264 in
808 3218 863 3266 tall.
877 3218 920 3264 sec.
933 3230 987 3264 tert,
1000 3230 1074 3326 ausit.

208 3280 283 3329 Varie.
295 3279 377 3336 edere3
393 3280 465 3338 quint
477 3296 580 3340 ereperas
592 3281 692 3328 aliorum
704 3282 843 3328 naicationes
855 3282 878 3328 in
894 3279 1000 3343 refingen
1019 3296 1035 3327 o
1052 3281 1075 3329 dt

206 3342 348 3399 integrando
360 3344 486 3391 attendere.
521 3346 636 3392 Visiorius
650 3341 739 3391 edidit:
752 3345 802 3403 surra
820 3350 869 3389 irem
886 3346 908 3386 in
923 3348 1014 3398 animo,
1029 3360 1073 3389 rer·

202 3410 260 3465 perit
271 3411 404 3459 remreratt‘e,
422 3424 487 3459 quum
498 3426 528 3458 ea.
545 3408 655 3456 lambin.
674 3411 699 3460 (ῤ’
712 3420 735 3453 ut
748 3410 838 3465 terporis
848 3407 877 3465 est
889 3409 1032 3469 reeuperatie,
1047 3417 1075 3452 ex

205 3466 250 3517 suis
268 3467 498 3532 obsequentiffimis,
522 3474 600 3537 (quos
615 3487 667 3521 non
681 3469 808 3533 nominat)
824 3470 898 3521 libtie.
927 3469 976 3520 sal.
994 3482 1074 3539 temen

1001 3542 1073 3597 qutut.
