2318 3914
200 128 677 198 Line-nPnruus.
808 126 892 214 2635

38 238 192 299 tmesiicos.
226 236 320 297 nobile
336 248 440 296 -autem
466 252 553 313 genus
573 254 674 295 canum
697 232 764 294 illud
785 232 884 295 scimus

38 313 78 376 se.
97 314 145 375 sed
158 332 209 391 pro
223 312 268 373 sua
280 314 395 391 quisque
409 314 536 372 facultate
551 326 642 389 parat,
661 311 785 387 aquibus
798 313 885 371 lanie-

38 410 76 450 ,ιι
98 408 217 470 eamque
230 392 368 467 optimam
382 389 419 448 illi
434 387 487 448 effe
501 390 612 473 censent
625 388 798 465 sepulturam.
823 406 886 464 per·

38 468 106 527 tulta
119 468 168 527 alia
183 466 287 543 colligit
301 466 484 543 Chrysippus,
504 478 535 525 ut
555 465 592 524 est
612 467 641 523 in
663 466 744 523 omni
759 464 903 524 tltisioriat
919 470 1037 545 memorie

38 544 147 603 triosus.
184 544 231 603 sed
243 546 281 603 ita
293 555 373 604 taetra
386 544 445 601 sunt
460 542 608 619 quaedam,
627 552 660 599 ut
679 559 712 599 ea
743 542 830 616 fngiat
856 535 978 599 &Dimi-

38 620 183 679 :formidet
196 621 297 680 oratio,
353 618 447 677 Totus
468 621 550 694 igitur
569 620 614 677 hic
634 618 713 676 locus
733 618 770 676 est
790 628 887 676 conte·

38 697 156 757 tnendus
164 698 193 754 in
200 694 364 763 nobis‚non
372 695 549 770 negligendus
562 697 590 753 in
604 693 716 752 nostris:
736 696 887 765 notamen,

38 786 45 833 t
63 786 242 832 mortuorum
256 790 374 848 corpora
386 772 453 830 nillil
466 771 585 829 vsentire
599 771 656 828 vivi
677 770 833 829 sentiamus.
897 771 912 805 V
927 758 971 805 ‘¹¹³'
984 757 1038 809 sen-

53 852 203 925 Quantum
218 857 312 906 autem
339 847 529 907 consuetudini
555 848 695 921 famaeque
710 846 831 906 dandum
840 818 1038 935 fibffif‘mi*

38 926 43 985 l
62 938 162 983 curent
177 924 249 993 rivi,
269 923 382 991 sedita,
401 936 432 981 ut
444 924 613 999 intelligant,
633 922 701 980 nihil
714 923 748 981 ad
764 937 955 1024 mortuos109

38 1002 168 1061 ettinere.
203 1000 248 1060 sed
262 1000 387 1074 profesio
403 1017 476 1057 mors
490 1012 551 1058 tum
566 999 719 1075 aequissimo
728 1002 823 1059 animo
839 1020 892 1076 op·

38 1079 146 1146 etitur5
166 1076 230 1135 cirin
250 1077 301 1134 suis
322 1076 348 1134 se
368 1076 489 1134 laudibus
512 1077 568 1134 vita
593 1075 722 1133 occidens
757 1076 891 1137 consolari

38 1152 121 1213 otest.
162 1162 282 1211 10ιιειιο
296 1169 392 1227 parum
409 1152 457 1211 diu
470 1154 563 1222 vixit,
582 1153 630 1227 qui
641 1152 744 1209 uirtutis
759 1153 891 1228 perfeelae

38 1228 147 1289 effecto
162 1228 268 1287 funestis
281 1228 318 1286 eli
332 1246 457 1287 munere.
484 1229 571 1285 multa
587 1240 610 1269 ¹¹
622 1229 689 1285 milri
703 1227 751 1301 ipsi
765 1230 799 1288 ad
814 1248 892 1289 mor-

38 1323 82 1365 em
96 1304 257 1379 tempestiva
272 1305 398 1362 fuerunt:
421 1315 520 1380 ¹²quae
542 1306 646 1362 utinam
668 1302 814 1378 potuissem
830 1308 891 1365 obi-

38 1384 70 1439 e!
92 1382 161 1441 nihil
174 1382 249 1439 enim
261 1381 320 1456 jam
334 1381 538 1457 acquirebatur:
559 1380 696 1438 cumulata
711 1394 788 1439 erant
802 1382 893 1441 officia

38 1459 113 1517 itae:
143 1457 243 1517 ocum
264 1455 375 1517 fortuni
396 1455 465 1516 bella
485 1456 625 1517 restabant.
664 1472 773 1532 quare,
800 1457 821 1516 fi
841 1459 897 1543 ipsa

826 1547 896 1594 tatto

38 1706 203 1774 itterarumque
213 1708 307 1759 dulium
318 1707 454 1774 spetlnbunt
465 1741 473 1764 ,
490 1706 594 1757 nostram
606 1706 783 1770 conjeiiuram,
799 1707 842 1758 nisi
852 1709 901 1760 sal·

38 1786 77 1829 or,
93 1775 217 1823 meliorem
227 1772 409 1838 deprehendent.
441 1773 523 1832 Davifi

59 1848 100 1887 10·
116 1842 182 1885 Nemo
193 1850 271 1898 parum
282 1841 321 1883 diu
332 1839 408 1890 vixit,
423 1839 464 1897 qui
473 1854 481 1879 -ι
490 1836 564 1880 ι’νιιιιίι
573 1832 664 1895 perfossa
672 1833 761 1895 perfetio
772 1834 860 1893 fundus
868 1835 898 1896 est

38 1905 137 1956 nuum]
151 1904 242 1947 Totum
253 1898 298 1946 hoc
310 1898 383 1957 rejicit
395 1903 452 1945 Ant.
465 1895 624 1959 Augustinus,
640 1895 705 1957 quod
719 1895 840 1946 arbitratur
853 1900 901 1961 pti·

38 1974 97 2009 num
109 1960 138 2008 ab
150 1961 233 2024 inepto
243 1962 325 2022 aliquo
339 1962 504 2007 Grammatico
520 1961 544 2006 in
556 1959 663 2021 margine
674 1959 727 2007 libri
741 1990 749 2013 ,
766 1960 795 2007 ati
806 1959 902 2072 signan-

38 2023 86 2071 lam
95 2024 217 2071 Ciceronis
228 2020 433 2078 sententiam‚esse
444 2033 568 2077 notatum,
582 2019 668 2069 derude
679 2022 703 2069 in
720 2020 801 2070 seriem
812 2039 825 2070 a
855 2024 904 2075 im·

38 2086 109 2147 ¹terito
121 2085 215 2135 librario
226 2084 294 2134 inisse
303 2098 431 2147 receptum.
464 2086 539 2143 vrfin.

63 2152 99 2197 ιι.
118 2150 178 2194 Mihi
188 2149 216 2195 ιι
230 2162 317 2196 mertem
329 2148 473 2210 tempestiva]
499 2152 526 2195 ln
540 2162 559 2195 r.
573 2145 631 2195 Phil.
645 2146 668 2194 in
685 2145 746 2194 hanc
763 2145 904 2198 sententiam

38 2207 61 2271 ic
73 2207 170 2259 scribit:
201 2214 262 2259 Mihi
276 2228 327 2258 vero
336 2210 581 2273 satitestquodvixi‚
609 2211 646 2255 vel
663 2212 801 2267 aduentam,
822 2212 859 2258 vel
873 2213 905 2261 aa

38 2274 128 2323 seriem.
145 2272 213 2323 idem
222 2272 297 2322 alibi:
313 2281 396 2337 Negant
408 2276 460 2336 poffe
471 2285 560 2319 mamm
575 2276 715 2319 immaturam
731 2274 768 2334 ψ
783 2273 889 2334 consulari
893 2288 904 2320 .·

38 2348 184 2393 mamommc,
200 2338 290 2400 inquit,
306 2352 381 2383 verius
391 2338 463 2398 negaba
470 2338 536 2397 seni?
552 2338 613 2383 Mili
623 2352 675 2381 vero
688 2368 696 2392 ,
711 2340 736 2385 P.
751 2339 825 2395 ajam
836 2341 904 2385 etiam

38 2400 122 2460 pianda
131 2416 187 2446 mers
197 2402 224 2459 ess
235 2434 242 2456 ,
254 2400 362 2462 perfunt'so
379 2401 437 2445 reiut
451 2403 500 2453 eis,
526 2414 580 2461 quas
594 2399 680 2460 adeptus
691 2402 741 2458 fiam
755 2415 850 2462 quasque
864 2404 906 2463 egi.

38 2460 136 2511 Minime
149 2463 308 2511 omittendum
319 2462 352 2511 est
366 2461 448 2511 scitum
459 2460 517 2509 illud
523 2461 691 2510 declamatoris
702 2461 786 2517 ceslii,
803 2462 908 2526 quodob

38 2523 70 2574 ele
88 2524 178 2572 amiam
189 2525 422 2587 concinnitatemque
433 2523 551 2573 sententia
563 2522 698 2573 habendum
709 2523 742 2572 est
752 2526 776 2571 in
790 2540 831 2575 ore
844 2529 868 2575 &
880 2527 907 2573 in

38 2539 136 2649 pesato.
152 2583 183 2633 src
193 2587 256 2636 eninr
266 2588 357 2651 inquit:
374 2591 402 2634 ui
416 2590 445 2634 ad
460 2590 587 2646 desiderium
607 2588 679 2651 populi
694 2588 799 2650 respicis,
816 2593 905 2645 cicero,

38 2651 116 2711 tuendo
128 2652 216 2711 perieris
226 2682 235 2705 ,
246 2662 323 2712 parum
332 2650 412 2710 vixisti
424 2666 433 2695 ι
444 2650 466 2709 fi
480 2652 551 2697 adres
562 2650 629 2713 gestas
642 2683 648 2703 ‚
660 2650 716 2710 farm
730 2651 810 2710 vixisti
821 2667 830 2697 .·
840 2654 862 2711 fi
877 2652 907 2697 ad

38 2715 129 2769 injurias
141 2710 232 2769 samm
253 2714 279 2764 (τ
296 2714 415 2776 presentem
430 2716 483 2775 reip.
499 2713 599 2772 statum,
615 2715 709 2760 nimium
725 2714 766 2759 diu
779 2714 872 2772 vixisti:
883 2715 907 2774 fi

38 2774 65 2821 td
75 2776 200 2821 memoriam
210 2787 295 2835 operum
304 2788 405 2823 tuorum:
416 2777 497 2839 semper
506 2778 605 2823 viciatus
615 2792 644 2823 et.
661 2774 770 2839 Beroald.

38 2834 826 2964 ..ttsttt‘ttrlttstlssiritii.&linistis
841 2837 905 2950 ssi}

38 2976 84 3011 non
96 2960 230 3024 persuadeo.
263 2962 355 3012 Lubeus
365 2962 530 3028 rescripserim,
545 2980 610 3028 quam
628 2962 755 3024 (mortem)
771 2966 855 3011 utinam
864 2975 904 3026 pa·

38 3026 117 3087 *nissam
127 3028 190 3077 obire.
223 3024 309 3074 cicero
320 3024 350 3074 de
360 3030 426 3075 orat.
437 3027 478 3077 lib.
490 3040 538 3076 ιιι.
554 3041 604 3091 cap.
617 3041 654 3078 ιι.
671 3027 733 3071 Sitne
741 3025 848 3085 honestum
855 3029 907 3089 glo·

38 3088 327 3151 riaeauffdmommabire.
360 3088 426 3136 Idem
437 3090 462 3137 in
477 3093 549 3137 Bruto
564 3104 586 3153 p.
602 3096 655 3143 267.
713 3102 734 3135 ιι.
748 3091 851 3146 Marcie,
865 3096 905 3140 (ιι.

38 3152 132 3199 Seruilio
149 3154 200 3212 soff.
216 3164 307 3199 mortem
323 3152 375 3199 aliia
386 3155 476 3199 Ennius.
494 3153 586 3201 Plautus
598 3151 653 3200 Aul.
668 3154 730 3199 Pto.
747 3149 781 3207 lis.
790 3167 827 3209 ις,
841 3152 905 3214 Pess3

38 3229 103 3279 quam
113 3216 132 3259 is
142 3216 194 3261 obiit
203 3228 304 3269 martem,
319 3216 359 3279 qui
369 3218 425 3260 mihi
436 3215 460 3261 id
470 3228 548 3263 aurum
557 3215 664 3263 credidit(
673 3209 753 3261 navis.

71 3289 105 3329 ιι.
121 3274 171 3322 clm
179 3277 269 3336 fortuna
279 3279 335 3323 halla
345 3276 466 3338 restabam]
488 3281 525 3325 lta
547 3278 568 3326 le
586 3274 674 3324 endum
694 3274 794 3339 produxi
808 3277 832 3326 in
843 3281 905 3327 Cte-

38 3336 131 3404 pundiia
140 3353 170 3387 ex
180 3341 273 3404 optimo
283 3342 330 3390 l’al.
343 3340 421 3388 tertio.
434 3336 521 3388 aceedit
535 3339 557 3387 ei
570 3294 677 3388 {onitate
706 3340 797 3388 eminus
808 3355 903 3404 germa-

38 3416 82 3452 nus
92 3414 169 3464 quart.
180 3404 266 3469 uulgo:
283 3402 331 3451 clim
337 3400 613 3476 fortuam‘bellarejiabana.
634 3354 753 3455 thsard.
783 3408 837 3468 Ego
853 3404 906 3453 tul·

38 3464 630 3530 gatametunllemlejorerocarenullusdubitati.
863 3526 880 3577 S

806 3542 845 3587 ¹4¹
879 3540 906 3590 ¹⁸.
