2318 3914
215 140 295 229 2438
412 139 474 206 Dr
495 139 585 207 Fan.
606 139 705 208 Bou.
727 157 779 209 ur
799 137 917 204 Mau.

212 258 319 311 naturae
339 244 430 305 llatu:
450 245 579 322 deinceps
599 254 631 309 ut
650 263 682 304 ea
702 256 818 315 teneat,
844 263 910 323 quae
930 242 1107 312 secunddm

214 337 340 382 naturam
354 321 422 393 fint,
441 321 578 399 pellatque
592 323 727 381 contraria
742 342 749 380 :
775 320 896 399 ²⁸quae,
915 323 1035 387 inventa
1049 328 1088 388 se·

63 410 188 464 dofficio·
212 399 333 460 lectione
379 402 409 459 &
441 401 509 459 item
541 397 717 475 rejedlione,
751 398 925 476 sequuntur:
953 400 1089 482 deinceps

65 491 117 526 mm
127 476 203 524 cama.
213 471 300 534 ‘lcum
315 476 409 535 officio
422 475 541 535 seledlio.
579 474 679 535 deiude
696 492 727 533 ea
741 487 888 551 perpetua,
907 488 971 535 tum
985 479 1025 541 ad
1040 479 1089 540 ex.

92 543 119 612 .¹’·
141 544 190 614 ¹³2.
213 564 335 611 tremum
358 551 482 612 constans
508 551 747 627 consentaneaque
767 563 894 611 naturae:
915 553 945 612 in
961 572 1018 630 qua
1034 558 1089 633 pri.

62 602 202 719 ffldssfff
214 627 293 688 mitrn
308 626 391 689 inelle
415 629 511 704 incipit
536 630 566 687 &
582 627 730 705 ‘intelligh
750 627 819 704 quid
839 627 870 687 srt
885 672 896 699 ,
914 631 996 706 quod
1019 631 1087 693 uerd

64 701 133 779 taus
212 705 321 769 bonum*
333 705 412 782 pollit
426 706 489 765 dici.

165 806 199 852 21
250 783 338 841 Prima
354 782 391 840 est
405 783 479 840 enim
495 781 653 841 conciliatio
667 781 789 840 hominis
809 780 844 841 ad
859 800 914 852 ea,
935 802 1003 861 quae
1024 784 1086 847 sunt

210 857 360 918 secundum
376 869 510 917 naturam.
530 857 645 916 ²9srmul
665 870 759 916 autem
774 859 846 933 cepit
860 860 1085 936 intelligentiam,

210 934 257 993 vel
270 937 417 995 notionem
434 934 541 1011 potius,
560 951 644 1010 quam
659 934 794 1009 appellant
807 935 903 991 ’ἔννοιαν
916 936 955 995 illi
970 980 980 1008 ,
1000 940 1085 998 vidit·

210 1030 266 1088 que
281 1029 371 1071 rerum
386 1013 552 1086 agendarum
569 1011 696 1069 ordinem
716 1012 763 1079 dc,
784 1022 814 1068 ut
827 1011 864 1069 ita
875 1010 986 1083 dicam,
1014 1032 1084 1075 cort·

212 1087 351 1147 cordiam:
373 1088 461 1145 multo
477 1105 538 1147 eam
554 1086 634 1161 pluris
662 1085 805 1145 aestimavit
836 1085 921 1162 quim
938 1092 1041 1151 omnia
1055 1092 1086 1150 il-

62 1179 121 1230 fita
133 1181 188 1230 iou.
210 1163 261 1231 la,
281 1183 344 1241 quae
361 1163 483 1240 primiani
503 1164 656 1232 dilexerat,
682 1175 764 1239 atque
786 1163 823 1220 ita
848 1161 861 1204 f
866 1166 1033 1239 cognitione
1054 1169 1083 1229 &

61 1243 188 1352 ecgmu-
212 1242 319 1327 ratione
332 1240 462 1328 collegit,¹
478 1255 509 1328 ut
522 1240 670 1307 statueret,
690 1240 718 1298 irr
740 1250 798 1299 aco
818 1239 988 1300 collocatum
1009 1243 1085 1303 sum·

62 1319 179 1431 ileu?
209 1314 866 1469 dllllllttlln‘,iillllllnl
885 1320 1082 1469 {litterile

210 1470 271 1540 piar
287 1471 388 1538 Stoici,
408 1488 459 1528 nos
480 1469 646 1545 appellemus
668 1468 917 1538 convenientiam,
937 1469 957 1527 fi
973 1472 1079 1546 placet:

210 1546 275 1605 clun
302 1549 383 1621 igitur
404 1548 433 1604 irr
454 1564 489 1603 eo
505 1546 536 1603 srt
557 1544 586 1603 id
609 1544 715 1603 bonum
731 1587 739 1614 ,
755 1542 816 1620 ,qud
845 1545 988 1606 referenda
1016 1548 1078 1609 sunt

62 1635 169 1700 triplum
210 1624 306 1685 omnia
321 1621 434 1682 honestd
448 1621 536 1689 facia,
556 1618 721 1695 hipsumque
741 1619 888 1679 honestum
904 1663 913 1690 ,
949 1624 1027 1699 quod
1048 1627 1078 1684 in

61 1702 137 1752 Μ.
209 1700 288 1758 bonis
302 1698 433 1767 ducitur,
459 1714 629 1774 quamquam
651 1695 710 1772 post
731 1697 840 1764 oritur,
868 1708 964 1757 tamen
982 1699 1011 1759 id
1032 1701 1076 1759 so·

209 1776 268 1837 lum
284 1776 312 1833 vi
334 1774 379 1833 sua
395 1777 424 1835 &
438 1775 568 1859 dignitate
582 1772 767 1848 expetendum
783 1771 834 1830 est:
855 1790 952 1833 corum
965 1785 1070 1844 autem,

62 1855 73 1904 i
88 1855 171 1931 natura
209 1870 274 1929 quae
290 1851 351 1909 sunt
366 1852 453 1926 prima
469 1863 607 1917 lnaturae,
627 1861 737 1935 propter
751 1848 777 1935 se
788 1848 859 1935 'nihil
876 1849 1068 1925 expetendum.

15 1950 16 1955 ¹
32 1944 36 1961 ·
60 1919 110 1968 ‘'¹st
248 1927 322 1986 Clim
339 1926 407 1985 verb
422 1927 464 1985 illa
475 1944 553 2001 ,quae
567 1924 657 1983 officia
672 1922 725 1982 elle
739 1923 811 1993 dixi,
863 1923 1073 1988 oficitcanturah

162 2000 198 2043 22
208 2006 290 2071 initiis
302 2016 407 2063 naturae
413 2027 423 2071 ;
444 2021 477 2062 ea
496 2003 531 2061 ad
552 2004 613 2059 haec
632 2001 725 2059 referri
744 2017 813 2061 nece
835 2019 850 2059 e
873 2001 933 2061 est:
956 2015 985 2062 ut
997 2003 1074 2065 redd

207 2082 263 2141 dici
283 2080 384 2157 pollit,
412 2081 508 2138 omnia
528 2077 618 2136 officia
640 2076 676 2134 ed
696 2077 815 2143 referri,
835 2089 865 2135 ut
893 2078 1075 2154 adipiscamur

204 2160 337 2235 principia
351 2167 471 2215 naturae:
490 2172 543 2213 nec
557 2167 651 2212 tamen
671 2164 702 2210 ut
721 2153 777 2211 hoc
801 2149 833 2211 lit
853 2153 996 2215 bonorum
1011 2158 1074 2218 ulti·

203 2253 302 2301 mum,
322 2245 466 2306 propterea
480 2230 557 2306 quod
572 2247 630 2288 non
644 2228 711 2286 inest
726 2230 754 2287 in
768 2230 860 2303 primis
881 2242 987 2290 naturae
1003 2250 1075 2294 con·

202 2308 383 2374 ciliatiorribus
411 2308 523 2371 honesta
544 2304 626 2371 adio.
665 2306 832 2388 consequens
856 2306 933 2370 enim
963 2309 1023 2383 est,
1043 2314 1072 2371 &

1012 2385 1073 2465 post

233 2550 270 2592 2⁸.
287 2543 343 2608 Qa
354 2541 624 2604 inventaselec'limedc.]
644 2538 697 2588 Hod
707 2547 785 2589 toturn
801 2538 834 2588 ita
850 2535 960 2597 restituo,
975 2540 1071 2600 adiutos

202 2601 218 2656 ὶ
233 2618 311 2655 vetere
325 2604 403 2663 libro,
424 2624 466 2671 qua
483 2610 571 2653 inventa
581 2604 711 2663 selediione,
733 2602 759 2652 dr
774 2605 826 2649 irem
846 2603 956 2659 rejetiione
968 2604 1091 2669 sequitur,
1108 2630 1111 2635 ·

201 2668 295 2732 deinceps
306 2688 353 2717 cum
364 2670 428 2730 officio
435 2671 524 2729 seleflr'o.
543 2672 566 2717 1³.
574 2670 666 2714 Manui.
690 2666 759 2728 Qu,
775 2664 999 2725 inventaseleliione.]
1018 2667 1072 2716 Ob.

201 2729 265 2779 scura
276 2731 317 2780 iiia
328 2733 391 2788 lunt,
409 2733 510 2794 ideoque
521 2729 580 2785 nihil
596 2725 685 2776 temere
701 2725 783 2774 audeo.
816 2728 892 2774 verior
906 2738 990 2775 tamen
1003 2730 1072 2780 vide·

187 2794 240 2842 'tur
250 2795 358 2859 scriptura
374 2795 421 2844 Pal.
438 2795 509 2860 primi
525 2796 549 2842 δι
565 2792 645 2840 tertiiz
661 2794 713 2848 Qua
728 2793 816 2836 inventa
826 2790 954 2848 seletiione,
970 2793 999 2847 &¹
1018 2799 1071 2841 iem

145 2880 148 2885 ·
200 2860 323 2915 nitidioris,
334 2862 434 2923 sequitur
445 2862 536 2918 deinceps
545 2873 593 2901 cam
604 2854 668 2916 officio
673 2854 765 2912 selaediio.
799 2856 892 2902 Gruter.

233 2937 269 2975 29·
287 2926 439 2969 simulantem
451 2924 522 2980 capia]
536 2917 698 2974 scribendum,
708 2915 776 2973 fimat
785 2931 810 2961 ac
819 2919 892 2978 cepit:
915 2915 948 2964 ita
959 2916 1071 2968 enlm'est

201 2983 228 3033 in
238 2999 315 3032 verere
326 2986 393 3035 libro.
427 2986 499 3043 vrſsn.

234 3063 270 3101 30.
291 3051 353 3105 Quod
365 3051 454 3110 pofitum
460 3049 488 3106 fit
500 3049 523 3090 in
533 3050 573 3100 en]
590 3045 688 3107 Antiqui
701 3042 765 3098 libri,
781 3042 837 3105 quod
854 3040 987 3104 compositum
998 3045 1031 3102 fit
1045 3046 1069 3092 in

200 3127 236 3164 eo,
253 3108 347 3161 absurde
359 3110 463 3171 prorsus,
478 3105 520 3157 nist
532 3107 617 3162 facias,
633 3106 698 3169 quod
708 3109 764 3170 iaepe
774 3103 908 3153 faciendum
919 3104 971 3161 est,
989 3121 1016 3156 ur
1026 3122 1069 3156 an·

201 3173 283 3233 tiquos
299 3172 369 3218 libros
386 3170 519 3232 conjedluri
538 3169 640 3228 adjuves.
672 3170 703 3218 fic
721 3172 791 3235 igitur
811 3181 869 3231 puto
888 3168 1022 3232 elegantius
1042 3173 1069 3223 dc

204 3235 302 3289 sestius,
318 3238 373 3295 elaad
384 3254 430 3280 cum
439 3237 527 3296 poſstum
540 3235 570 3292 fit
586 3237 609 3279 in
619 3250 659 3288 co,
674 3234 731 3297 quod
747 3233 868 3290 ὁμολογέειν
879 3234 962 3286 Stoici,
976 3251 1015 3279 nos
1030 3247 1070 3295 ap·

200 3300 271 3359 pellan
280 3315 303 3341 us
317 3302 482 3344 convenientiam
490 3331 496 3354 ,
505 3297 525 3354 fi
535 3299 602 3359 placat
614 3314 622 3352 5
638 3314 686 3342 cam
700 3298 768 3358 igitrm
779 3297 801 3340 in
813 3311 833 3341 co
846 3294 874 3351 stt
886 3295 910 3338 id
919 3295 1009 3351 bonum,
1026 3294 1066 3359 qni

203 3360 313 3418 reseranda
323 3363 471 3420 suntomnia:
487 3359 565 3418 honeste*
577 3359 694 3418 fabiam
724 3365 804 3420 Atque
826 3357 899 3403 etiam
913 3356 939 3404 in
954 3357 1068 3407 membro

202 3422 342 3482 procedenti
352 3426 446 3486 melius,
463 3425 549 3494 opinor
560 3455 568 3482 ,
578 3422 679 3484 statueret
690 3426 714 3472 in
723 3437 766 3479 aa,
782 3417 855 3483 quim
865 3452 873 3477 ,
885 3419 989 3481 statueret
999 3425 1025 3468 in
1035 3439 1066 3472 eo.

193 3489 327 3547 RMauut.

985 3559 1030 3601 u.
1040 3550 1072 3596 uc
