2318 3914
203 124 786 219 errrrn'Sncunnos„
857 144 941 214 2395

64 238 153 315 ipsum
168 238 252 297 etiam
267 235 403 297 dolorem.
432 254 519 313 quem
535 238 648 312 quidem
663 256 732 307 vos,
751 240 814 298 cbm
829 241 938 317 Impro-

65 316 105 374 bis
120 332 232 391 poenam
244 316 419 389 proponitis,
445 326 472 366 7¹
482 314 662 388 impatibilem
684 316 793 373 facitis:
812 316 877 374 ciam
895 316 935 377 sa·

67 393 192 467 plentem
205 391 312 464 semper
326 391 395 447 boni
407 389 467 465 plus
479 391 581 447 habere
594 391 692 459 vultis,
706 390 884 450 tolerabilem.

107 467 213 527 XVIII.
233 467 305 525 Snn
327 484 392 523 riu
403 483 450 523 or
470 483 530 524 non
551 464 640 523 solum
655 468 781 525 callidum
797 485 861 525 eum
871 471 935 545 ,qui

68 543 169 621 ahquid
183 542 312 618 improbe
325 543 424 609 faciat,
444 541 541 600 vesum
557 544 642 601 etiam
662 555 863 675 praepotentem
879 565 887 601 r
906 558 938 603 ut

69 621 113 678 M.
127 618 233 679 Crassus
248 620 326 685 suit;
348 619 397 692 qui
418 631 513 679 tamen
530 618 633 676 solebat
654 620 693 681 uti
723 637 761 677 uo
782 619 880 677 bono:
907 632 938 678 ut

66 697 151 755 hodie
168 698 207 755 est
220 696 312 753 noster
327 695 496 771 PompeJus,
517 696 561 753 cui
585 693 659 753 redid
673 695 784 753 facienti
797 697 881 770 gratia
893 696 940 754 esi

66 774 216 832 habenda:
245 767 337 827 7²esse
358 772 584 848 enim,quamvis
605 772 688 829 vellet
704 770 812 846 justus,
832 771 941 846 iusquus

66 863 178 926 poterat
192 845 317 922 impune.
337 847 431 922 Quam
447 850 531 906 multa
545 847 612 905 verb
627 847 723 922 injuste
738 846 797 906 fieti
813 845 940 924 posunt,

69 944 138 1002 quae
152 943 242 982 nemo
258 923 337 998 poffit
351 922 567 999 reprehendere?
589 925 616 981 Si
629 937 656 982 te
677 925 782 982 amicus
801 935 865 981 tuus
879 941 941 981 mo·
950 922 984 998 58

70 1005 147 1061 riens
161 1000 320 1076 rogaverit,
340 1011 370 1057 ut
389 1001 570 1059 hereditatem
591 999 684 1058 reddas
706 1001 761 1059 suae
781 999 869 1069 filiae,
889 1013 956 1058 nec·

71 1095 193 1153 usquam
208 1076 237 1134 id
248 1074 395 1151 scripserit,
414 1091 445 1135 ut
465 1076 564 1152 scrIpsrt
578 1075 688 1135 ¹Fadius
705 1121 713 1146 ,
734 1095 787 1135 nec
809 1078 957 1152 culquaml
973 1078 1056 1155 rabian

72 1156 176 1214 dixerit
191 1174 197 1211 :
216 1150 282 1229 quid
295 1152 396 1210 facies?
416 1155 467 1212 Tu
480 1153 594 1229 quidem
608 1152 719 1212 reddes:
740 1154 794 1229 ipse
808 1155 941 1229 Epicurus
947 1144 999 1191 ⁴²⁸¹·

71 1227 185 1290 sortasse
198 1227 321 1287 redderet
336 1249 343 1287 :
371 1243 401 1289 ut
416 1228 478 1288 Sex.
492 1230 669 1287 mreducaeus
684 1272 692 1298 ,
713 1231 775 1288 Sex.
791 1233 819 1288 F.
832 1233 871 1299 is,
891 1234 972 1305 quim
989 1235 1063 1285 redo-

74 1308 152 1366 hunc
165 1304 285 1365 nostrum
300 1306 425 1382 reliquit,
446 1305 565 1381 effigiem
580 1308 610 1364 &
638 1308 811 1365 humanitatis
831 1309 861 1364 &
874 1303 1057 1382 pro-“⁰⁸⁶¹’‘-

76 1385 164 1442 bitaris
175 1382 230 1441 suae
243 1380 351 1452 filium,
371 1395 432 1441 tum
448 1382 562 1452 doctus,
580 1396 641 1441 tum
657 1384 785 1441 omnium
807 1385 848 1441 vir
866 1386 939 1457 opti·

76 1477 140 1519 mus
158 1460 188 1517 &
210 1458 389 1533 justissimus,
416 1457 480 1517 cum
496 1458 575 1517 sciret
589 1477 675 1517 nemo
692 1502 701 1528 ‚
721 1477 786 1516 eum
809 1466 1089 1535 rogatuml'mvstl·

73 1537 91 1595 ὲ
107 1535 287 1604 cartorio,
307 1538 399 1612 equite
414 1538 546 1594 Romano
560 1535 717 1610 splendido,
738 1535 879 1604 Nursino,
898 1538 964 1595 ul·n
974 1526 1070 1603 ,Μο

71 1626 118 1672 tro
133 1610 168 1670 ad
176 1611 320 1670 muherem
335 1614 428 1680 venit,
448 1614 529 1686 eique
542 1613 610 1670 nihil
623 1614 746 1686 opsnanti
760 1613 810 1669 viri
826 1594 997 1673 manda-⁴²¹⁸·

74 1702 138 1748 tum
160 1687 284 1763 exposuit
307 1688 545 1763 hereditatemque
560 1689 684 1746 reddidit.
718 1687 778 1745 'Sed
793 1705 846 1762 ego
861 1706 895 1746 ex
909 1703 938 1749 te

72 1783 172 1841 quaero
191 1765 338 1840 (quoniam
352 1766 428 1825 idem
442 1778 473 1822 tu
494 1762 569 1822 certe
591 1763 704 1838 fecisses)
725 1782 824 1822 norme
840 1765 941 1824 iutelli-

71 1860 137 1918 gas,
157 1859 193 1899 eo
207 1841 344 1916 majorem
358 1844 416 1899 vim
430 1839 484 1898 else
498 1853 620 1908 naturae,
639 1839 717 1917 qubd
730 1841 778 1915 ipsi
797 1858 847 1898 vos
863 1885 872 1910 ,
891 1844 940 1918 qui

71 1919 171 1976 omnia
185 1917 220 1975 ad
243 1918 363 1975 vestrum
385 1916 570 1975 commodum
591 1919 645 1984 δε,
670 1931 701 1973 ut
714 1916 761 2009 ipsi
776 1915 886 1985 dicitis,
905 1918 941 1977 ad

73 1996 249 2069 voluptatem
264 1995 384 2051 reseratis
400 2036 408 2061 ,
427 2006 522 2052 tamen
537 2011 569 2050 ea
579 1993 698 2060 faciatis,
720 1993 846 2068 equibus
861 2010 943 2067 appa·

72 2083 153 2143 reat,
169 2087 229 2128 non
244 2070 416 2145 voluptatem
431 2088 482 2127 vos
502 2068 547 2128 sed
568 2069 691 2127 officium
705 2067 780 2144 sequi
795 2067 808 2125 ?
827 2068 943 2145 plusque

75 2146 183 2206 resiam
212 2158 336 2205 naturam
357 2146 442 2223 quim
456 2146 593 2204 rationem
607 2162 719 2220 pravam
734 2143 846 2202 valere?

114 2224 144 2282 Si
163 2220 250 2281 rcrerrs
266 2265 275 2290 ,
294 2224 385 2298 iuquit
398 2220 568 2291 Carneades,
587 2222 706 2296 aspidem
729 2219 839 2281 occulti
858 2221 987 2296 latere59

75 2302 184 2376 uspiam
200 2300 229 2356 δι
244 2299 314 2357 velle
327 2300 469 2376 oaliquein
483 2299 687 2374 Imprudentem
701 2300 779 2374 super
799 2315 860 2357 eam
882 2300 964 2357 asli-⁰
982 2295 1087 2361 aliqum

74 2379 160 2447 dere,
180 2375 257 2450 cujus
272 2386 299 2430 73
309 2394 382 2436 mors
403 2375 452 2435 tibi
473 2377 697 2435 emolumentum
710 2379 801 2436 sutura
815 2374 867 2434 sit:
887 2360 1004 2472 imdffis
1015 2379 1041 2409 ¹⁸

881 2471 946 2529 pro·
1003 2458 1012 2474 ⁸

109 2608 149 2649 7¹·
165 2593 309 2650 Imparibilem
315 2592 413 2651 facitis]
437 2590 551 2640 indicavit
563 2604 628 2655 pater
638 2591 662 2638 in
677 2593 740 2642 notis
750 2593 780 2642 ad
789 2593 889 2643 Plinium
901 2598 943 2647 xri.

77 2666 114 2708 ιε.
133 2658 158 2705 in
170 2655 313 2703 membranis
323 2655 366 2704 suis
378 2654 425 2717 legi
436 2658 585 2719 impetibilem,
602 2658 665 2717 cujus
676 2655 784 2706 vocabuli
794 2672 890 2720 quoque
900 2672 944 2705 ua-

74 2734 155 2770 turam
167 2719 216 2767 illic
226 2718 335 2767 ostendit.
367 2720 462 2767 Gronov.

110 2799 149 2835 72.
167 2782 214 2842 Effe
223 2784 324 2845 quamvis
334 2779 424 2841 injustus
432 2795 512 2842 poterat
523 2785 624 2844 impune]
655 2784 691 2830 stc
700 2785 809 2845 antiquus
823 2782 881 2831 liber
891 2817 898 2838 ,
915 2784 942 2833 dt

75 2846 147 2895 reste.
172 2846 197 2893 in
214 2844 329 2892 omnibus.
338 2858 418 2894 aurern
431 2843 564 2907 impressis,
579 2860 679 2908 excepto
693 2860 765 2908 quern
781 2861 843 2892 nunc
852 2848 944 2901 emitti·

75 2923 150 2964 ntus,
167 2908 214 2955 hoc
225 2908 300 2955 modo
313 2924 320 2954 t
336 2907 384 2966 Effe
394 2912 450 2953 enim
465 2912 568 2971 quamvis
577 2911 643 2954 vellet
653 2910 725 2969 justus
741 2942 748 2965 ,
763 2913 850 2972 iniquus
862 2920 944 2966 parerat

73 2976 170 3032 inpune.
187 2974 210 3018 P.
222 2976 314 3018 Manut.
330 2971 377 3029 Effe
387 2974 456 3026 enim,
468 2974 570 3031 quamvis
579 2972 644 3016 vellet
654 2973 743 3030 justus,
760 2975 848 3034 iniquus
859 2984 942 3032 parem

74 3033 183 3092 imanis]
191 3032 287 3095 Aliquid
301 3035 325 3081 br
337 3033 388 3080 heic
398 3033 455 3080 latet
465 3032 615 3089 monstri3est
625 3034 689 3080 eninr
701 3035 725 3079 in
737 3035 783 3081 Pal.
796 3049 829 3097 pr.
840 3035 943 3094 efflenr'm

92 3088 145 3143 usim
155 3099 222 3143 vellet
230 3100 331 3159 iniquus,
343 3095 413 3153 jussus
420 3108 501 3157 poterat
512 3097 604 3156 impuri.
621 3095 724 3142 lestione
734 3098 818 3158 plana,
832 3095 848 3144 fi
861 3096 943 3148 additi

75 3112 165 3221 syllaba
176 3160 302 3221 legeretur,
318 3157 416 3218 injustus.
435 3158 556 3205 Manutius
565 3159 624 3204 eruit
635 3172 664 3204 ex
675 3174 736 3213 uno,
752 3160 788 3219 effe
797 3164 853 3206 enim
865 3177 943 3223 qnam-

75 3225 115 3266 vr's
125 3221 214 3281 injustus
222 3236 303 3283 poterat
314 3226 405 3282 impune.
422 3222 523 3284 Scaliger
532 3218 671 3282 adscriptum
682 3220 752 3270 habet
762 3223 823 3272 libro
835 3222 887 3272 suo:
903 3223 942 3281 Es?

75 3287 136 3330 enim
145 3284 211 3347 quim
221 3288 304 3341 veltet,
317 3287 424 3348 iniquus:
437 3284 509 3343 justus
521 3296 602 3343 parerat
611 3287 702 3346 impune'.
718 3288 809 3337 Gruter.
844 3287 944 3335 Palatini

73 3346 150 3412 primi
160 3344 292 3410 scripturam
307 3345 348 3393 sibi
366 3361 462 3410 quoque
473 3348 595 3394 inventam
608 3348 632 3394 in
645 3351 710 3398 MSS.
733 3351 757 3397 dt
770 3350 864 3413 optimo
879 3348 944 3397 sensu

73 3408 189 3471 explicari
201 3408 376 3472 posl'eostendit
387 3424 453 3475 parer
463 3409 504 3460 lib.
514 3425 558 3459 111.
567 3408 686 3461 observat.
704 3426 754 3475 cap.
763 3429 798 3462 ro.
814 3417 911 3461 Gronov.

107 3488 147 3531 73.
164 3476 224 3524 Mors
240 3476 282 3524 ribi
295 3476 459 3525 emolumentur»
470 3473 550 3534 faura
560 3476 610 3537 fia]
631 3476 667 3525 sle
680 3477 729 3529 lul.
746 3492 784 3543 pr.
795 3473 954 3542 expresserat-

603 3548 606 3557 ,
921 3547 974 3600 ψ
