2318 3914
207 104 291 174 2806
359 111 963 183 Tuscur.Drsrurnrrouurr
1060 39 1087 329 Ἰ

208 224 268 270 tem
285 211 496 286 admonendus,
516 231 634 295 quantus
653 218 684 277 fit
705 221 781 278 furor
801 219 917 277 amoris.
955 213 1054 293 omnis
1115 229 1119 255 ⁴·

210 289 286 346 enim
302 308 338 350 ex
352 292 438 352 animi
452 295 699 369 perturbationibus
712 295 750 359 eil
764 293 896 370 proferro
912 293 987 353 nulla
999 294 1058 353 vebs
1074 322 1087 353 ·.

210 367 349 429 mentior:
369 381 417 439 ut,
437 369 527 446 sijam
542 370 597 446 ipsa
610 371 655 433 illa
677 374 801 431 accusare
821 370 922 440 nolis,
940 356 1090 497 stuprass'!

211 457 266 510 co,
286 445 316 501 &
331 448 512 521 corruptelas,
533 448 562 506 bc
577 447 725 515 adulteria,
739 447 840 506 lucella
854 446 998 522 denique,
1030 422 1081 503 noi·

59 523 187 579 feomrtas
212 535 275 576 rum
305 523 434 581 omnium
455 523 609 583 accusabilis
635 523 674 583 est
693 523 837 599 turpitudo
860 543 868 580 :
888 520 938 581 sed
966 534 997 580 ut

60 592 113 640 MS·
212 592 359 666 sommas,
381 600 548 672 perturbatio
571 600 626 676 ipsa
646 601 747 661 mentis
767 602 794 659 in
817 616 917 658 amore
942 598 1019 658 soeda
1034 604 1071 672 pr(

66 730 69 737 ,
167 669 238 756 76se
255 671 300 729 esta
338 691 404 733 nam
419 687 449 733 ut
469 677 514 735 illa
529 690 711 751 praeteream,
729 694 795 754 quae
808 675 870 734 suut
885 676 1005 743 suroris,
1023 674 1067 733 haet

211 746 396 886 {Escadipgcrnsgse
409 768 496 828 quarn
508 754 610 813 habent
624 754 786 825 levitatem,
805 769 872 830 quae
889 752 1019 812 ridentur
1032 746 1068 813 ele

65 988 203 1073 cccxxvi.
292 1014 459 1092 Suspiciones,
481 1016 621 1076 inimicitia
638 1061 648 1090 ‚
668 959 914 1084 mda514‚'”'¹‘'¹⁴’

293 1091 413 1160 Bessum,
431 1107 487 1169 pax
501 1094 615 1167 rursum.
650 1103 753 1152 Incerta
767 1093 815 1149 hae
823 1089 851 1167 fi
863 1105 896 1148 η,
905 1089 1014 1168 postules
1045 1091 1049 1096 .

295 1167 405 1224 Ratione
418 1185 488 1226 certa
495 1173 605 1241 sacrm,
625 1169 706 1228 nihilo
718 1169 777 1244 pius
790 1187 853 1242 agas
870 1210 879 1235 ,

294 1242 389 1315 Qim
395 1242 425 1320 st
436 1247 612 1322 ascoperam,
628 1261 661 1306 ut
673 1265 733 1303 cum
747 1245 849 1303 ruriam
861 1243 995 1320 insanias.

215 1347 291 1433 ilaec
311 1349 491 1412 inconstantia
517 1353 735 1429 mutabilitasque
755 1351 856 1410 mentis
877 1392 888 1420 ‚
909 1366 999 1426 quem
1030 1364 1076 1407 uon

218 1422 274 1506 ipsa
289 1429 422 1499 pravitate
435 1429 591 1491 deterreat?
610 1429 648 1488 est
663 1430 739 1488 enim
754 1427 838 1498 illud,
856 1427 939 1504 quod
962 1427 993 1485 in
1013 1424 1078 1489 anri

218 1501 423 1573 perturbatione
436 1505 552 1575 dicitur,
572 1503 834 1574 demonstrandum,
856 1503 965 1563 nullam
980 1497 1076 1560 essenii

219 1577 412 1662 opinabilem,
439 1580 488 1639 nisr
504 1581 611 1655 judicio
631 1581 807 1656 susceptam,
826 1579 877 1640 nili
898 1579 1078 1639 voluntariam.

219 1664 323 1710 etemm
338 1652 357 1711 ss
371 1656 496 1714 naturalis
511 1674 591 1714 amor
604 1655 684 1716 esset:
707 1669 734 1699 ¹0
743 1661 773 1718 &
787 1668 914 1716 amarent
928 1670 1029 1714 omnes
1039 1654 1080 1720 ‚bt

217 1726 325 1813 semper
339 1745 480 1802 amarent,
501 1734 530 1791 &
545 1734 619 1792 idem
634 1746 777 1803 amarent,
795 1751 888 1810 neque
897 1732 985 1791 aliurn
993 1731 1078 1807 pudor,

219 1802 304 1862 alium
319 1823 354 1866 co
375 1809 469 1878 ratio,
490 1809 574 1869 alium
589 1810 694 1871 satietas
709 1812 865 1871 deterreret.

176 1892 222 1967 Π·
260 1880 314 1939 XX
371 1885 393 1943 l.
422 1886 524 1946 ¹¹lns
550 1887 650 1946 urnis
672 1884 930 1966 squae‚quamdiu
956 1881 1078 1968 perturbet

72 1987 88 2036 g
103 1983 177 2035 quurn
1036 1975 1079 2018 anl-

71 2034 184 2090 diusseats.

257 2159 293 2195 ro.
307 2150 336 2193 Et
345 2157 440 2192 amarent
451 2161 532 2201 amaea,
548 2145 575 2196 sa
581 2143 662 2205 simper
672 2154 767 2191 amarem
778 2176 785 2198 ‚
802 2143 827 2195 ab·
840 2141 899 2188 idem
910 2143 1027 2196 amaram]
1051 2137 1075 2182 Ur

222 2205 296 2256 edidit
302 2208 418 2258 Victorius
435 2208 508 2258 erliat
519 2211 544 2256 in
558 2208 655 2258 Palatia.
668 2220 744 2270 quart.
751 2206 827 2254 vatic.
840 2203 900 2252 aliis
916 2202 968 2250 hac
980 2199 1079 2254 rendunt,

222 2273 250 2322 (a
262 2284 357 2317 amarem
367 2288 447 2326 omnes,
463 2275 489 2323 dn
502 2286 641 2327 amaremur,
658 2273 683 2323 sa
693 2273 772 2330 ¹semper
783 2279 887 2316 amarant.
906 2263 1028 2314 Gebhard.
1104 2272 1107 2289 ²

255 2349 290 2381 rr.
311 2339 405 2379 lrauero
416 2337 540 2394 quasnam]
565 2339 648 2397 ltaque
660 2337 685 2383 δι
696 2332 798 2387 Veneti,
813 2329 852 2379 scd
863 2325 931 2393 posse
945 2344 996 2376 non
1013 2335 1079 2390 perpe·
1105 2350 1115 2393 ,Ι

222 2408 274 2451 ram
285 2395 350 2444 scribi
360 2397 485 2454 existimo,
499 2414 546 2443 cum
558 2397 607 2447 aia.
625 2400 720 2445 Camer.
737 2403 774 2442 lm
789 2411 840 2441 vero
855 2408 984 2502 quaejam
999 2392 1035 2438 diu
1045 2400 1081 2448 pet·
1112 2396 1115 2403 '

221 2460 294 2514 turbat
309 2465 418 2514 animum,
437 2462 589 2508 dubitationem
602 2460 686 2519 insania
698 2477 740 2506 aaa
750 2459 832 2515 haben]
847 2462 905 2504 Men
925 2469 968 2503 um
979 2453 1012 2502 est
1023 2454 1082 2501 iulo·

221 2533 261 2576 ce,
278 2537 407 2582 quanquam.
425 2537 482 2572 verr.
500 2522 556 2571 libb.
573 2536 634 2584 quos
644 2537 690 2588 ego
700 2520 812 2574 viderim,
829 2517 938 2573 habent,
956 2534 1003 2579 qna
1018 2523 1081 2581 quai
1107 2568 1111 2583 Ι

220 2584 347 2647 depravati:
359 2586 473 2641 omninb,
488 2584 504 2632 sr
520 2585 670 2648 respicimus,
686 2585 759 2633 dictio
770 2588 807 2630 ira
816 2581 867 2645 qub
877 2579 996 2629 referatur
1008 2612 1016 2637 ‚
1032 2570 1084 2640 quoi

221 2645 239 2696 fi
252 2648 391 2706 contectura
401 2648 507 2696 locuseli
520 2682 527 2705 ,
543 2650 576 2696 ira
587 2649 703 2712 legerem:
720 2655 756 2694 Ira
766 2662 817 2694 vem
831 2676 840 2702 ,
854 2644 979 2707 quimdiu
989 2640 1084 2704 praeviat
1108 2670 1111 2677 ·

221 2713 338 2768 animum,
353 2713 505 2759 dubitationem
521 2713 607 2770 inlicitis
625 2712 742 2760 naariam.
771 2712 898 2766 P,Mttnut.
933 2705 1086 2761 Iravrriau,
1116 2740 1119 2757 .

222 2773 330 2839 quimdiu
342 2776 576 2837 patrissaturum]
592 2772 696 2822 Relumsr
709 2774 754 2822 hoc
766 2769 850 2820 itidem
860 2784 890 2818 ex
901 2765 1086 2818 ednioneviaa

222 2838 250 2885 rii
262 2838 384 2893 ,lassatim
400 2837 466 2889 Fabr.
485 2837 545 2885 l’irb.
560 2838 653 2900 vulgo:
671 2842 706 2884 ira
727 2833 776 2883 vari
797 2848 937 2897 quamquam,
956 2839 1086 2895 quanquam

223 2900 334 2949 Lambini
346 2901 436 2958 lesbio,
452 2906 487 2948 ira
497 2899 547 2946 veri
559 2902 663 2960 quamdiu
678 2910 731 2959 pert.
750 2896 824 2946 exstet
835 2896 860 2944 in
872 2896 948 2945 salat.
963 2896 1033 2958 prim.
1048 2900 1090 2955 (1⁰2

224 2979 279 3013 meo
291 2965 378 3013 animo
384 2964 461 3014 multis
472 2964 618 3012 concinnior.
650 2963 756 3010 Gebhard.
788 2968 825 3007 lm
840 2977 912 3016 vero,
933 2973 981 3021 qu
996 2956 1092 3022 quasia

219 3030 456 3090 periermeniarum]
472 3032 498 3075 ln
509 3038 567 3074 vett.
579 3024 649 3073 editis
660 3024 782 3089 legebatur
791 3027 826 3070 ira
835 3020 886 3070 veri
902 3036 1040 3085 quamquam
1059 3018 1092 3091 dia

221 3090 330 3152 perturbat
345 3095 462 3139 animum:
492 3087 577 3152 Joach.
595 3099 673 3136 aurem
692 3086 841 3135 camerarius
856 3082 958 3133 rescribit
972 3117 980 3140 ,
996 3087 1031 3129 ira
1047 3095 1090 3127 vera

223 3157 277 3214 qnia
287 3158 327 3200 aiu
337 3155 444 3214 perturbas
454 3155 552 3199 animam
564 3168 572 3208 ς
588 3153 651 3210 cujus
662 3148 717 3200 sanb
729 3147 905 3198 emendationis
919 3147 1092 3214 rationemnou

224 3215 301 3277 capio.
335 3220 427 3264 Omnes
437 3213 517 3263 codd.
528 3214 649 3278 vulgatam
660 3212 795 3276 scripturam
810 3223 923 3265 tuentur,
939 3208 985 3257 nili
997 3204 1061 3272 quoti
1072 3218 1091 3251 ur

225 3279 274 3331 Pal.
287 3278 406 3341 primosrt,
417 3283 452 3326 ira
463 3296 513 3325 uero
522 3278 628 3337 quamdiu
636 3279 744 3337 perturbat
755 3278 853 3322 animum
864 3289 873 3320 .·
891 3287 942 3320 non
955 3265 1093 3320 inconcinni

225 3338 337 3398 quidem3
353 3357 379 3389 nc
390 3344 423 3391 ira
434 3341 581 3414 corrigebant
595 3340 685 3386 Paullus
696 3338 818 3388 Manutius
830 3339 856 3385 bc
866 3341 898 3385 D.
913 3335 1054 3383 Lambinus.
1066 3334 1092 3378 bt

224 3415 279 3457 cum
291 3401 413 3465 singularis
423 3404 455 3452 eii
467 3404 529 3452 illius
544 3402 604 3451 MSti
619 3402 707 3458 terrio,
723 3402 787 3450 forte
798 3403 864 3448 locus
874 3399 921 3447 hoc
932 3396 1012 3446 modo
1021 3392 1110 3459 dilim-³

223 3465 340 3529 guendusr
356 3474 394 3516 Ira
406 3465 455 3516 veri
466 3475 530 3533 qua?
547 3467 652 3531 quamdiu
660 3468 768 3530 percuriat
779 3467 891 3522 animum,
904 3459 1094 3585 dubitarimeft‘ff·

1043 3535 1091 3571 aare
