2318 3914
193 39 279 199 uaso
395 100 905 174 DarinssonerMnr.
1072 180 1073 185 ἵ

194 211 431 284 voluntariam
454 208 639 282 moerentia
655 218 797 290 lussopta,
816 215 867 282 fat
880 222 914 270 ut
928 207 1074 278 Menalcas

147 409 166 467 9
196 292 444 456 msstsnhsgiam
459 367 683 442 Epaminondae,
702 383 762 427 non
783 367 925 456 Leonide
939 381 1072 456 ¹morters
1096 378 1100 383 '

71 494 74 499 .
195 447 277 524 hujus
295 460 378 507 morti
393 458 555 521 antepono:
576 462 698 521 quorum
714 445 781 504 alter
802 445 866 505 chm
889 443 999 506 vrcrffet
1016 447 1093 509 La·,

196 524 389 584 cedaemonios
404 522 475 598 apud
493 525 667 581 Mantineam
680 564 689 591 ,
702 520 837 599 fimtdque
852 519 909 598 ipse
922 525 1002 598 gravi
1016 525 1077 587 vul·

194 620 261 661 nere
277 601 426 659 exanimari
439 597 467 657 se
482 599 605 667 viderem
627 612 658 661 ut
671 597 793 674 primurn
814 596 954 673 dispexit,
974 600 1075 685 quaesi·

195 680 253 746 uit,
273 678 395 741 salvusne
411 672 476 733 effer
490 675 622 751 clypeus,
642 675 707 741 chin
722 676 826 736 salvum
842 673 896 735 eise
914 675 1015 737 flentes
1035 679 1076 739 sui

42 790 46 811 1
194 751 407 830 respondissent,
427 753 552 827 rogavit,
572 749 694 813 essentne
707 751 759 811 rufi
772 753 862 813 hostes
876 771 884 810 e
906 753 1034 831 curamue
1046 754 1075 819 id

43 902 46 909 Ι
147 860 150 865 ,
194 848 329 908 quoque,
350 841 380 886 ut
395 828 538 903 cupiebat,
558 829 718 898 audivisset,
739 830 819 889 evelli
830 828 905 905 juffit
920 848 1006 900 eam,
1019 828 1074 906 qus

197 919 255 966 erat
275 904 441 977 transfixus,
471 904 583 965 hastam.
623 907 660 965 ita
676 906 781 969 ¹multo
803 906 933 981 sanguine
958 906 1072 983 profuso

195 985 225 1043 in
239 984 334 1043 laetitia
362 984 392 1041 δι
414 982 442 1040 in
465 980 580 1041 vicioria
594 982 632 1045 est
646 995 781 1049 mortuus.
801 982 944 1042 Leonidas
958 995 1069 1054 autem,

196 1077 245 1118 rex
258 1057 546 1123 Lacedaemoniorum
561 1101 571 1128 ,
590 1058 616 1118 se
630 1059 659 1121 in
673 1059 823 1134 Thermop
843 1058 873 1116 lis
888 1100 897 1127 ,
917 1072 1071 1121 trecentos·

197 1153 253 1212 que
268 1153 333 1204 eos,
352 1153 423 1210 quos
437 1134 567 1193 eduxerat
582 1135 692 1210 Sparta,
712 1134 776 1195 chm
792 1154 808 1193 e
830 1147 858 1193 et
871 1135 1016 1211 proposita
1028 1146 1073 1199 aut

198 1214 263 1287 fuga
280 1215 381 1286 turpis,
401 1225 449 1270 aut
461 1209 578 1285 gloriosa
593 1229 686 1281 mors,
706 1210 835 1288 opposuit
848 1211 981 1284 hostibus.
1001 1213 1073 1273 1²1ae-

197 1288 278 1346 ciarae
307 1302 410 1347 mortes
432 1287 492 1347 sunt
513 1288 707 1362 imperatoriae.
747 1287 902 1364 philosophi
924 1290 1074 1349 autemin

198 1363 250 1423 suis
270 1364 375 1423 lediuiis
395 1362 559 1498 pserumffiue
580 1367 744 1424 moriuntur.
784 1363 813 1405 ²⁶
829 1365 926 1423 Refert
949 1377 1073 1433 carneae

200 1439 279 1515 quod
293 1440 342 1501 fibi
353 1440 461 1503 videtur
476 1459 491 1498 e
511 1459 529 1498 e
545 1443 676 1500 morienti
684 1458 783 1517 magna
796 1441 862 1500 laus.
882 1442 1075 1519 conpensabu-

201 1532 265 1583 tur,
284 1518 391 1593 inquit,
411 1537 469 1573 cum
475 1517 590 1591 sarmmr's
604 1517 732 1575 doloribus
747 1518 846 1575 sarith.

152 1597 190 1672 98
238 1593 334 1655 Audio
347 1594 478 1668 equidem
493 1593 646 1670 philosophi
658 1611 778 1663 vocem,
799 1594 929 1670 Epicure.
948 1594 998 1669 sed
1009 1595 1074 1673 quid

199 1669 248 1728 tibi
267 1669 417 1729 dicendum
439 1668 469 1727 fit
495 1668 595 1728 oblitus
616 1689 653 1733 es.
692 1672 812 1746 primum
834 1671 939 1741 eninr,
972 1672 1070 1735 stvera

184 1746 260 1803 sunt
282 1764 338 1813 ea,
358 1762 477 1823 quorum
501 1746 692 1806 recordatione
712 1761 740 1806 te
759 1746 879 1822 gaudere
901 1746 997 1819 dicis,
1014 1748 1070 1807 hoc

200 1821 254 1890 est,
274 1820 294 1879 fi
316 1840 379 1882 vera
398 1822 459 1880 sunt
480 1831 527 1880 tua
546 1821 641 1897 scripta
663 1825 692 1881 δε
712 1824 825 1882 iuventa
841 1866 849 1894 ,
868 1824 993 1899 gaudere
1010 1840 1068 1883 nou

199 1910 288 1973 potes.
325 1899 393 1957 nihil
413 1899 489 1957 enim
506 1899 567 1973 jam
588 1900 687 1970 habes,
707 1900 784 1975 quod
797 1898 831 1957 ad
845 1917 950 1976 corpus
964 1901 1069 1961 reseras.

80 2010 98 2057 1²
125 2009 153 2058 Β,
200 1974 238 2035 est
252 1987 347 2034 autem
360 1974 376 2033 i
391 1987 419 2034 te
432 1974 538 2049 semper
552 1975 656 2034 didium
666 1994 735 2043 ,nec
749 1976 869 2052 gaudere
883 1992 1068 2054 quemquam,

99 2041 106 2057 ’
199 2051 249 2111 nisi
276 2065 388 2127 propter
410 2069 531 2126 corpus:
559 2070 611 2109 nec
631 2053 734 2112 dolere.
772 2053 910 2111 Praeeritis
928 2096 939 2123 ,
958 2050 1070 2131 inquit,

195 2128 304 2201 gaudeo.
334 2126 507 2202 Quibusnam
523 2127 690 2202 praeteritis?
709 2127 727 2186 si
742 2128 776 2187 ad
790 2145 889 2205 corpus
909 2128 1071 2204 pertinenti-

48 2220 65 2269 h
82 2205 263 2284 volupia-bus,
283 2201 426 2262 hrationes
438 2214 496 2261 tuas
510 2214 538 2260 te
552 2203 637 2263 video
651 2205 829 2280 compensare
844 2223 909 2264 curn
924 2206 979 2265 istis
990 2205 1071 2265 doso-

48 2290 83 2332 te'a
93 2287 143 2332 atti.
200 2279 271 2338 tibus
280 2321 288 2347 ‚
297 2298 356 2339 non
370 2281 537 2337 memoriam
546 2298 663 2356 corpore
677 2294 869 2357 perceptarum
884 2283 1071 2357 voluptatum.

197 2353 326 2413 hautein
347 2356 381 2414 ad
402 2355 663 2424 animum„falsum
687 2359 747 2424 est;
769 2358 848 2434 quod
870 2374 952 2433 negas
980 2360 1071 2417 animi

150 2455 187 2511 99
197 2431 283 2490 ulium
299 2429 352 2490 esse
366 2432 496 2507 gaudium
508 2433 600 2508 ‚quod
615 2452 673 2492 non
689 2435 820 2493 referatur
834 2434 869 2493 ad
883 2452 992 2510 corpus.
1014 2436 1070 2493 Cur

49 2514 57 2560 i
73 2511 130 2590 ¹quid
143 2512 188 2562 isso
198 2507 298 2566 deinde
313 2508 471 2566 Metrodori
485 2509 584 2568 liberos
592 2509 794 2568 commendas?
815 2508 896 2585 iquid
910 2529 947 2569 ex
964 2511 1070 2570 istotuo

16 2594 19 2599 '
49 2576 138 2628 W&
197 2586 309 2661 egregio
325 2583 420 2644 officio
441 2585 471 2643 &
486 2597 560 2644 tanta
574 2584 629 2645 fide
644 2586 692 2662 (fic
707 2588 782 2645 enim
798 2588 941 2663 existimo)
957 2588 994 2646 ad
1010 2604 1068 2647 eor·
1152 2622 1159 2637 ·

46 2641 117 2688 MSS·
197 2678 248 2735 pus
262 2660 373 2720 refers?
501 2724 505 2733 ,

235 2737 338 2796 XXXI.
359 2738 443 2795 Huc
471 2755 517 2795 ur
541 2736 632 2809 illuc,
663 2738 826 2815 Torquate,
846 2757 898 2797 vos
914 2738 1028 2803 versetis
1039 2739 1069 2798 li·

195 2825 255 2872 cet:
276 2815 343 2872 nihii
358 2817 387 2872 in
408 2815 459 2872 hae
474 2812 602 2886 praeclara
617 2816 727 2890 epistola
741 2816 870 2890 scripturn
893 2815 928 2873 ab
943 2815 1067 2891 'Epicuro
1146 2813 1154 2829 '

195 2907 351 2965 congruens
380 2892 409 2948 &
440 2893 609 2949 conveniens
631 2893 746 2950 decretis
768 2894 825 2968 ejus
846 2893 998 2966 reperietis.
1035 2894 1068 2951 ita

195 2968 364 3045 redarguitur
379 2966 433 3043 ipse
448 2964 464 3025 a
478 2964 552 3037 sese,
571 2979 599 3023 ²7
610 2984 787 3045 veneuntque
808 2968 905 3044 scripta
931 2970 994 3045 ejus
1012 2986 1070 3103 prff

1052 3062 1071 3102 [ι

224 3264 262 3302 26.
278 3256 448 3318 heimramm,
458 3261 566 3323 quodsfibi
574 3263 663 3308 viderur
679 3261 716 3319 effe
732 3262 833 3306 morienti
847 3275 929 3323 magna
945 3263 1017 3321 sarm]
1031 3262 1071 3319 μ’
1141 3240 1154 3271 ¹

193 3316 299 3365 &ionem
312 3321 385 3371 hanc,
401 3338 440 3369 cur
451 3326 531 3372 minus
541 3323 597 3375 sana
607 3322 650 3380 sit,
667 3321 724 3371 facit
737 3326 784 3371 Pal.
797 3339 822 3385 pr
840 3323 943 3386 inquo:
959 3324 1070 3393 φρίκην·
1133 3299 1158 3350 ⁸⁰

189 3396 300 3443 ,mnae-'to
308 3387 369 3428 mmo
375 3385 417 3441 ssin'
427 3390 518 3433 videtur
528 3390 567 3449 effe
577 3391 681 3440 moriens,
698 3403 773 3445 maana
787 3388 842 3433 laus.
879 3390 978 3438 Gruter.

224 3459 263 3504 27.
282 3449 418 3510 {tantaeque
434 3451 517 3514 script-a
538 3452 610 3511 ciue]
641 3449 761 3499 Palatinus
780 3449 822 3499 ille
842 3463 878 3513 pr.
900 3452 1071 3561 vincunturqrgd.
1128 3494 1157 3525 ῃ

893 3542 898 3551 0
1015 3528 1046 3579 qu
