2318 3914
236 148 319 213 2626
379 142 985 212 Tuscur.D1saur.trrouurt

137 264 147 289 ··
234 254 343 326 triginta
348 250 425 371 qnllu
438 264 639 328 tyrannorum,
657 251 684 294 ⁸¹
695 252 835 312 venerium
858 265 890 313 ut
911 251 1007 312 ficiens
1020 250 1111 314 obduss

235 327 329 398 tillet,
365 329 522 406 2reliquum
536 328 573 388 src
586 328 602 388 ὲ
615 329 719 405 poc'ulo
732 329 815 406 ejecit
831 371 840 399 ,
860 342 891 387 ut
905 328 935 387 id
951 329 1112 399 resonaret;

236 402 331 480 83qu0
352 405 442 464 sonitu
463 406 596 476 reddito,
622 406 758 476 arridens,
779 407 911 484 Propino,
930 405 1047 483 inquit,
1069 406 1114 465 boc

89 484 191 561 optino
238 480 344 558 bpulcro
358 483 465 549 critis,
484 484 532 557 qui
553 484 582 541 in
605 500 669 540 eurn
693 484 781 542 fuerat
800 480 979 542 taeterrimus.
1018 483 1115 544 Graeci

90 557 159 597 (ΠΜ
175 551 313 615 MS·enim
328 558 356 615 in
371 559 506 617 conviviis
521 558 608 617 solent
621 559 767 618 nominare
782 601 791 627 ,
818 559 864 617 cui
878 558 1016 634 poculum
1031 560 1113 619 tradi·

236 636 289 691 turi
304 633 362 692 lint.
402 632 479 692 Lusrt
493 633 535 691 vir
548 636 671 709 egregius
686 646 812 694 extremo
828 635 920 709 spiritu
938 676 948 704 ,
968 633 1039 695 clim
1070 654 1115 696 am

238 710 394 796 praecordiis
416 724 581 785 conceptam
605 724 726 769 mortem
748 712 927 770 contineret:
947 652 1115 788 llostergqne

239 804 283 854 er,
302 788 349 862 qui
368 804 508 845 venenum
521 787 688 861 praebuerat,
710 800 832 847 mortem
849 787 886 845 est
908 804 974 847 earn
997 804 1117 864 augura·

193 882 228 943 97
240 876 283 922 tus
299 905 308 931 ,
327 860 354 915 85
363 881 427 939 quae
441 861 517 920 brevi
534 863 680 922 consecuta
693 863 740 923 est.
779 866 850 938 Quis
863 864 937 923 hanc
950 865 1045 923 animi
1059 882 1116 923 ma·

241 939 310 998 ximi
332 940 491 1015 aequitatem
516 939 618 1015 inipso
645 951 737 998 morte
758 939 905 1009 laudaret,
950 939 971 999 li
992 954 1116 1000 mortem

93 1025 226 1081 :enimin
244 1015 348 1073 malum
363 1011 519 1090 judicaret?
540 1016 625 1074 Vadit
647 1018 696 1074 cin
721 1017 841 1075 eundem
864 1033 1011 1075 carcerem
1040 1029 1120 1095 atque

94 1099 186 1160 Mur.
243 1092 273 1149 in
288 1091 409 1149 eundern
423 1092 514 1165 paucis
527 1089 586 1167 pbst
600 1094 677 1150 annis
698 1090 831 1168 scyphum
847 1093 993 1162 Socrates,
1015 1094 1117 1153 eodem

94 1157 236 1268 giudican·
245 1168 344 1225 scelere
370 1165 539 1243 djudicum,
571 1185 630 1243 quo
659 1180 842 1242 tyrannorum
868 1210 876 1236 ‚
911 1169 1117 1229 Theramenes.

96 1235 153 1332 „1¹:2¹2
156 1223 238 1344 „¹¹25
246 1260 310 1319 quae
324 1243 454 1319 elligitur
467 1244 524 1330 ejus
539 1245 645 1314 oratio,
663 1242 693 1285 8⁶
701 1262 755 1319 qua
769 1245 835 1304 facit
854 1261 922 1304 cunr
944 1245 1028 1306 Plato
1042 1246 1116 1306 utun

97 1345 202 1407 judican-
246 1318 451 1396 apudjudices,
467 1336 526 1397 Jarn
542 1331 632 1379 morte
646 1319 814 1381 multatum?
1044 1397 1109 1459 XLI

98 1422 158 1462 tum.
1110 1424 1117 1445 '

248 1534 401 1595 addidiss'ent,
416 1537 459 1587 nili
470 1537 516 1587 boc
525 1538 621 1588 innuere
631 1534 763 1587 voluissent.
797 1538 876 1586 Vilior.

281 1610 316 1650 81.
336 1606 451 1658 Venenum,
466 1603 582 1659 atfitiens,
598 1602 732 1662 abduxtffet]
760 1599 796 1649 Sic
805 1598 851 1648 effe
861 1598 995 1662 legendum
1007 1598 1060 1661 jam
1075 1598 1118 1666 prl-

247 1661 303 1712 dem
314 1662 437 1712 admonuit
452 1670 476 1714 P.
494 1665 621 1720 vidiotius,
637 1665 708 1728 idque
721 1678 751 1712 ea
765 1662 905 1712 austeritate
922 1662 1045 1713 librorum
1059 1677 1117 1713 vat·

248 1741 312 1780 runt,
321 1726 457 1790 quibuscum
470 1742 552 1776 omnes
562 1727 635 1776 nostri
644 1727 791 1775 consentiunt
802 1728 826 1775 dt
837 1723 984 1787 conspirant.
1006 1725 1116 1789 obduxiffet

249 1801 348 1845 autern,
364 1791 387 1838 id
407 1789 440 1840 est
455 1789 622 1847 exsorbuiiiet,
639 1788 751 1839 ebibiliet.
782 1793 865 1838 Horat.
881 1786 946 1837 oda.
959 1803 1009 1838 arr.
1028 1790 1115 1839 libru.

248 1854 316 1899 Illum
325 1868 359 1915 ego
370 1856 452 1901 lucidas
462 1859 520 1901 loire
525 1855 598 1913 sedes,
613 1855 780 1901 duceraneiiaris
792 1855 880 1908 Succos,
896 1852 924 1902 (7
937 1851 1037 1912 adscribi
1045 1855 1117 1919 qnietis

250 1916 366 1962 ordinibus
373 1922 447 1979 patiar
454 1919 549 1967 deorum.
581 1915 690 1966 Lambin.

282 1985 319 2026 82.
335 1982 453 2043 reliqum
460 1981 491 2039 fic
502 1980 594 2042 ipoeuio
606 1983 680 2041 ejecit,
695 1989 720 2025 ut
729 1977 754 2024 id
764 1977 886 2038 resonum]
904 1978 962 2023 Hoc
972 1976 1065 2026 Gtaecia
1073 1990 1117 2025 uno
1153 1987 1155 2022 :

250 2039 324 2089 verbo
336 2040 418 2092 dicitur
435 2041 638 2104 detruncandam,
664 2041 701 2091 vel
721 2039 867 2097 κοτἼαβίζειν.
897 2037 961 2087 Vide
983 2040 1080 2089 Suidana
1094 2041 1117 2088 dt

249 2103 371 2152 Pollucem
384 2105 425 2154 lib.
437 2119 471 2154 tr.
489 2112 511 2163 §-
525 2120 576 2159 ιον.
602 2102 685 2168 quibus
699 2102 753 2152 addi
769 2100 880 2165 poliunt,
896 2114 949 2164 quat
962 2101 1038 2152 habet
1047 2100 1117 2169 Jastoa

250 2166 342 2229 Lipfius
353 2170 434 2228 Antiq.
447 2168 511 2215 neu.
528 2164 568 2215 lib.
578 2181 622 2216 111.
639 2181 662 2228 p.
672 2175 723 2223 385·
756 2166 837 2223 Daois.

283 2237 320 2284 83.
336 2233 388 2293 Qo
400 2232 474 2290 sonitu
487 2231 569 2275 reddito
584 2232 701 2288 arrident]
729 2233 764 2276 lta
775 2227 891 2277 victorius
905 2259 915 2283 ,
931 2227 965 2276 ita
982 2228 1046 2279 Pitb.
1063 2226 1116 2277 sall.

251 2288 344 2342 secund.
357 2305 432 2354 quart.
444 2293 520 2354 quint.
532 2292 591 2340 mihi
602 2293 678 2355 magis
688 2292 789 2354 placeret
799 2291 871 2350 leelina
877 2292 944 2338 tertii
956 2292 1006 2340 Pal.
1020 2293 1076 2355 quod
1085 2292 1119 2351 so·

251 2358 300 2400 nitu
310 2357 393 2400 reddito
404 2358 508 2402 arridens.
527 2353 576 2416 quio
591 2356 674 2402 alludit
685 2357 756 2402 etiam
768 2354 874 2416 primus,
888 2356 947 2415 qu'od
953 2354 1032 2413 sonitu
1040 2356 1118 2401 reddita

252 2417 361 2467 arridetis.
379 2430 404 2464 ut
419 2419 500 2465 innuat
516 2416 601 2465 levasse
615 2417 726 2479 poculum
737 2414 972 2465 &vulturidibundo
984 2415 1119 2482 adspexisti.

254 2478 348 2541 Vulgb,
364 2496 404 2542 qao
412 2482 486 2540 sonim
498 2482 580 2526 reddito
593 2482 672 2528 ridens.
706 2478 824 2528 Gebhard.

286 2551 323 2601 14.
342 2542 429 2606 Vere‘que
438 2547 471 2598 ai,
486 2545 527 2604 qui
536 2560 638 2589 vettenum
647 2543 781 2605 prebuerat]
796 2540 892 2590 Retlnul
902 2540 1120 2605 vulgatum‚etl2m

252 2602 271 2653 sr
284 2607 404 2668 prabioerat
422 2618 471 2653 erat
483 2607 508 2652 in
520 2604 576 2655 Poll.
589 2617 641 2655 tert.
653 2619 751 2667 quarto,
768 2603 832 2653 libris
838 2603 944 2668 optimis.
962 2620 1041 2667 quant
1051 2607 1121 2655 etiam

253 2667 279 2716 in
289 2667 428 2732 Gryphiano
438 2665 545 2730 reperiil'e
555 2667 650 2717 testatur
661 2669 736 2719 Micb.
749 2673 837 2716 Brutus.
860 2664 932 2729 quid?
948 2663 966 2715 fi
980 2669 1035 2731 quis
1041 2672 1122 2731 praia-
1147 2713 1151 2722 ,

253 2744 315 2843 varas
330 2745 369 2780 aur
380 2732 495 2794 prooem
512 2732 596 2782 maliti
612 2734 624 2780 a
637 2734 718 2794 prabuo
730 2731 768 2781 vel
780 2733 886 2794 praiaco,
896 2729 963 2794 quod
980 2730 1016 2780 est
1029 2732 1122 2794 probriu.

255 2799 331 2844 lem.

287 2868 323 2915 ες.
340 2857 465 2922 Quireoi
480 2859 603 2918 consecuta]
633 2855 713 2905 Thoas
722 2854 789 2905 bulus
803 2855 904 2904 extorris
920 2855 1000 2919 patriai
1015 2853 1122 2914 exsulque

253 2919 510 2985 magnificentiffimum
519 2920 610 2968 fabium
620 2933 689 2982 aggre
710 2934 735 2966 us
750 2919 802 2974 est,
817 2918 913 2967 liberate
935 2917 1026 2967 scilicet
1043 2916 1122 2968 affere·
1152 2951 1155 2968 .

255 2999 327 3044 teque
337 2982 467 3031 Athenaei
484 2983 590 3032 servitute
605 2984 703 3046 triginta
719 2996 881 3045 tyrannorum.
913 2983 1003 3042 itaque
1017 2980 1121 3031 adunatis
1153 3021 1155 3028 .

255 3045 369 3095 talilibus
379 3048 483 3094 Atticam
494 3047 615 3109 regionem
625 3042 755 3108 ingrersus,
770 3056 934 3117 occupatoque
949 3044 1054 3093 castello
1068 3058 1122 3093 cou-
1153 3065 1155 3072 ¹

255 3108 317 3157 flixit
332 3109 437 3158 advertus
448 3122 561 3171 tyrannos
573 3105 682 3172 prospero
691 3109 784 3172 prelio,
798 3120 840 3170 qua
851 3106 907 3155 visti
917 3105 942 3152 in
960 3108 1049 3155 urbem
1064 3106 1122 3158 refu·

256 3183 347 3234 gerunt.
381 3187 439 3221 mox
450 3173 535 3220 iterato
544 3170 676 3233 praeliantur
687 3186 694 3218 τ
710 3185 760 3235 quo
770 3166 872 3219 secundo
882 3168 964 3232 ptaelio
976 3170 1064 3221 cecidit
1074 3170 1124 3221 cri·

256 3235 314 3289 tias,
330 3235 377 3280 dux
388 3233 520 3282 laviflimus
535 3246 698 3297 tyrannorum.
732 3247 788 3282 tunc
803 3232 884 3281 vtetur
898 3230 1084 3295 Thrasybulus,
1096 3232 1122 3281 li·

256 3294 346 3343 bertate
356 3310 489 3360 recuperata
499 3330 507 3353 ,
522 3297 600 3360 legem
611 3296 678 3344 illam
689 3296 817 3345 oblivionis
827 3294 882 3343 tulit
893 3326 901 3349 ‚
917 3309 971 3357 quae
987 3299 1074 3344 Graeco
1084 3308 1121 3345 vo·

256 3356 340 3405 cabulo
356 3358 439 3407 dicitur
458 3362 575 3413 darneio,
605 3359 635 3406 de
650 3374 697 3422 qua
716 3360 742 3408 in
762 3358 823 3408 libro
840 3358 1039 3408 annotationum
1055 3360 1082 3409 δι
1099 3359 1120 3407 io

256 3422 442 3471 Commentariis
452 3421 585 3484 Tranquilli
594 3421 648 3470 satis
658 3422 742 3472 multa.
764 3422 860 3469 bertold.

289 3491 329 3535 86.
342 3487 396 3554 Qu
402 3484 459 3547 facit
474 3500 522 3534 eum
532 3486 595 3535 Plato
606 3485 670 3546 usam
679 3487 849 3552 pastoriaco]
862 3485 921 3549 Qlae
934 3480 1122 3597 sequuntutssel·

1084 3555 1118 3597 aar
