2318 3914
197 139 294 242 „2366
419 140 480 207 Du
501 141 590 214 Fru.
610 144 706 211 Bou.
728 164 779 212 ur
800 146 917 212 Mau.

209 249 305 305 vivere
324 246 390 305 nihil
404 248 476 308 aliud
490 248 522 310 fit
538 294 547 320 ,
582 253 631 312 nist
645 271 709 312 cutn
725 253 865 328 voluptate
879 252 995 309 vivete.

249 324 341 383 XVII.
360 325 476 383 Hurc·
494 345 631 388 curra
666 330 802 403 stabilique
834 328 986 386 sententiae
1022 338 1082 401 quae

166 397 262 485 55srnt
275 401 423 487 conjunda
445 404 587 478 explicabo
609 407 694 465 brevi.
732 406 850 463 ⁰Nullus
870 404 900 462 in
922 401 990 479 ipfis
1013 415 1083 458 ettot

63 502 81 537 ο
96 484 175 536 uallis
210 476 247 534 est
262 474 358 534 finibus
372 477 510 539 bonorum
537 482 567 539 δι
587 484 744 552 malorum,
763 481 859 549 idest,
879 480 909 538 in
923 478 1081 552 voluptate,

63 553 113 598 atu.
210 564 281 610 aaut
294 555 322 610 in
335 553 447 612 dolore:
467 555 552 615 sedin
566 557 607 616 his
621 560 700 617 rebus
715 571 829 634 peccant
846 599 854 622 ,
873 557 962 623 ciam,
983 552 1003 611 ὸ
1025 552 1082 628 qui·

62 626 79 677 P
96 610 260 687 &miuus
273 629 334 686 haec
349 630 516 702 efficiantur,
536 635 672 708 ignorant.
709 635 795 694 animi
809 645 902 691 autern
921 631 1080 705 voluptates

211 705 362 764 &dolores
375 704 446 764 nasci
459 710 578 767 fatentur
599 710 615 770 ὲ
635 713 758 787 corporis
778 709 967 785 voluptatibus
985 708 1018 765 δι
1035 704 1080 763 do·

209 781 319 839 loribus.
359 782 455 857 Itaque
470 787 598 845 concedo
612 788 689 862 quod
703 786 792 845 modo
807 786 913 844 dicebas
931 826 940 851 ‚
961 780 1079 839 74cade·

210 874 239 916 re
254 856 346 925 causi,
366 856 385 916 fi
401 860 448 934 qui
464 854 587 922 &nostris
600 865 676 922 aliter
690 863 857 922 existimant:
878 878 952 937 quos
966 857 1079 937 quidem

169 938 173 957 ¹
212 934 296 993 video
310 931 363 992 effe
385 934 486 994 nultos
501 979 510 1005 ,
528 938 573 998 sed
592 940 742 1016 imperitos.
780 941 964 1013 Quamquam
989 946 1078 992 autern

213 1010 379 1069 &laetitiam
402 1011 480 1069 nobis
500 1015 624 1092 voluptas
643 1017 754 1082 animi,
774 1016 803 1072 ὃ(
824 1013 984 1072 molestiam
1005 1008 1079 1069 dolor

212 1084 320 1145 afferat:
341 1104 438 1145 eorum
453 1099 547 1149 tamen
561 1104 709 1168 utrumque
724 1093 754 1150 δι
767 1103 861 1148 ortum
878 1086 936 1146 effe
950 1087 966 1147 ὲ
981 1102 1078 1160 corpo·

116 1202 125 1220 .
159 1202 167 1219 .
213 1180 243 1223 re
270 1163 300 1221 &
323 1161 359 1223 ad
372 1180 471 1239 corpus
484 1168 593 1229 referri:
613 1187 666 1230 nec
681 1168 718 1228 ob
732 1185 795 1227 eant
810 1166 918 1226 causam
934 1181 1001 1225 uon
1016 1160 1080 1294 mutia

245 1406 283 1453 74.
300 1393 376 1439 Cedere
385 1392 462 1458 causei,
473 1396 495 1453 fi
508 1365 550 1461 qdrr'
558 1397 616 1457 dyo]
643 1402 697 1447 Hoc
711 1396 768 1446 loco
779 1395 831 1446 libri
841 1392 957 1445 manuscr.
976 1385 1077 1453 corrupti

214 1452 280 1510 sunt,
295 1458 335 1517 qui
345 1456 432 1507 habent
443 1461 542 1521 partim,
557 1462 716 1523 cedeteeatesa,
732 1460 819 1523 partim
833 1461 900 1507 tedere
915 1455 993 1518 unffi.
1024 1464 1077 1501 nam

213 1519 318 1581 vulgati,
336 1519 360 1566 in
371 1520 454 1582 quibus
465 1521 517 1579 est,
533 1525 605 1571 erdere
620 1522 702 1585 causei,
718 1524 828 1587 quamvis
842 1536 883 1570 eos
906 1519 1002 1580 secutur
1016 1514 1076 1571 fine

213 1594 264 1628 oon
275 1582 325 1629 lunt
334 1594 415 1632 tamen
427 1585 494 1633 omni
503 1599 533 1633 ex
559 1599 607 1635 arte
623 1587 757 1650 incorrupti.
789 1583 906 1649 Quorsum
920 1584 992 1632 euim
1006 1578 1079 1651 diqtr

213 1655 254 1713 eos
267 1647 392 1707 Epicureos¹
402 1649 485 1697 eadere
494 1601 581 1705 caulg,
600 1649 642 1711 qui
651 1650 717 1697 aliter
732 1648 885 1698 existiment?
901 1643 945 1695 nni
962 1643 1031 1693 forre
1044 1638 1078 1689 td·

211 1720 274 1753 cneo
286 1740 294 1763 ,
309 1708 373 1773 quod
387 1711 551 1773 Epicureorum
563 1713 667 1760 rationes
678 1709 805 1761 &decreta
818 1712 844 1759 iu
854 1704 1046 1758 controvernem
1054 1704 1078 1753 dt

211 1767 277 1829 quast
288 1772 311 1818 in
323 1772 433 1827 judicium
445 1784 530 1821 vocata
540 1772 593 1821 tint.
614 1778 783 1822 verumtamen
793 1788 848 1823 cum
859 1772 922 1820 huuc
932 1772 1019 1835 locum
1029 1778 1079 1817 cum

212 1832 273 1887 illo,
286 1835 323 1882 cui
334 1834 371 1883 ltic
381 1835 521 1899 respondet,
537 1838 563 1886 δι
573 1834 604 1884 ad
614 1850 686 1899 quem
697 1835 831 1887 referendus
841 1833 887 1891 est,
903 1828 1078 1887 confiderem

211 1907 266 1941 eam
276 1891 415 1946 sententiam
426 1898 543 1954 adducor,
558 1912 583 1947 ut
594 1898 720 1963 legendum
731 1912 811 1963 putem
818 1933 825 1954 ‚
832 1898 904 1945 cedere
913 1898 1012 1957 causam.
1024 1906 1078 1941 uam

211 1956 291 2005 locum
302 1961 371 2009 illurn
388 1956 477 2025 respicit
492 1966 643 2025 Torquatus,
663 1962 703 2025 qui
721 1960 754 2010 est
769 1959 834 2027 supra
849 1957 978 2007 duodecim
995 1956 1077 2007 abhinc

211 2022 317 2085 paginis,
334 2023 378 2079 ibi,
394 2028 495 2071 Homines
504 2029 580 2079 optimi
589 2042 629 2071 nen
641 2026 761 2087 intelligente
769 2038 836 2072 teram
846 2026 950 2071 rationem
966 2016 1077 2077 evertrssfi

212 2086 245 2129 ira
251 2086 275 2144 se
286 2087 408 2136 rrrhaleat.
442 2092 477 2136 Ex
490 2087 534 2136 illo
543 2088 613 2151 igitur
623 2088 679 2137 loco
694 2085 793 2137 arbitror
808 2086 848 2136 hic
862 2083 1015 2148 legendum,
1030 2096 1078 2131 eru·

208 2146 258 2209 fiam
270 2148 347 2197 cadere.
370 2163 426 2198 nam
441 2153 527 2211 cauſsam
536 2153 608 2196 eadere
622 2153 648 2200 δι
663 2154 754 2198 rationes
764 2154 834 2197 everri
847 2147 912 2198 idem
923 2146 977 2197 fere
991 2144 1075 2197 ”lent

214 2212 330 2270 Quamvis
341 2226 421 2261 autem
436 2211 519 2262 ufittttd
535 2211 624 2262 dicatur
633 2211 700 2261 causi
716 2211 798 2263 cadere
808 2213 846 2267 is,
863 2213 904 2275 qui
915 2211 989 2260 litem
997 2207 1077 2321 ‘radat

213 2276 273 2335 (boc
282 2285 362 2323 autem
371 2276 485 2337 loquendi
495 2290 568 2338 genus
580 2276 594 2325 ὲ
604 2290 629 2324 re
637 2274 725 2324 forensr
737 2278 761 2325 δι
772 2275 874 2335 judiciali
885 2286 972 2322 uatum
982 2287 996 2323 e
1018 2275 1075 2335 )ta·

213 2351 271 2387 men
281 2336 372 2385 videtur
381 2338 440 2386 mihi
450 2339 496 2386 hoc
508 2338 563 2386 loco
574 2343 610 2386 M.
623 2338 714 2386 Tullius
725 2338 771 2386 lroc
780 2338 863 2387 sentire
877 2350 950 2399 arque
966 2336 1017 2385 hoc
1031 2334 1078 2385 rel·

213 2401 251 2455 le,
267 2397 353 2448 forent
363 2399 464 2452 causa&
475 2402 578 2450 rationes
588 2402 755 2464 Epicureorum
764 2413 898 2450 evertantur
908 2402 934 2449 δι
951 2410 1075 2453 corruant,
1114 2422 1117 2427 ·

213 2461 232 2513 st
244 2475 324 2510 verum
334 2459 363 2510 fit
375 2466 400 2512 ot
410 2460 428 2510 fi
438 2464 556 2512 fateantur
566 2465 691 2527 Epicurei,
705 2466 768 2513 teila
783 2467 808 2514 dr
825 2461 923 2512 honesta
939 2475 984 2525 per
997 2462 1023 2513 se
1035 2456 1077 2511 effe

181 2568 184 2575 ,
213 2524 322 2588 jucunda.
355 2525 427 2586 Quod
437 2523 453 2574 fi
463 2526 516 2590 quis
527 2527 655 2575 contendat
671 2541 701 2575 ex
719 2528 813 2591 vulgata
827 2528 853 2575 dc
865 2524 905 2574 usu
915 2537 1013 2589 reoepta
1023 2538 1078 2573 cou-

214 2587 333 2638 suetudine
345 2588 447 2637 eandem
457 2588 597 2639 seutentiam
613 2589 714 2653 exprimi
741 2589 790 2639 oss'e
806 2589 851 2637 hoc
861 2587 952 2645 modo,
964 2584 1079 2637 conedae

215 2650 284 2711 liqui
295 2649 308 2698 ὲ
320 2650 403 2699 nostris
415 2652 483 2700 aliter
491 2651 637 2709 existimant,
654 2653 701 2701 hoc
711 2606 757 2708 cdl,
773 2651 934 2701 fieriilimaut
952 2651 1030 2699 animi
1039 2664 1080 2699 ro·

214 2714 345 2776 luptatem‚
361 2730 410 2763 non
420 2729 500 2763 autem
511 2717 634 2779 corporis,
650 2730 688 2764 aur
700 2714 714 2764 ὲ
729 2730 827 2779 corpote
841 2729 919 2762 ortam
931 2747 939 2769 ,
961 2708 1009 2761 effe
1020 2712 1080 2762 ium·

215 2790 283 2827 mum
293 2776 396 2825 bouum:
411 2793 453 2826 eos
461 2778 544 2827 cadere
554 2776 634 2833 erun,
650 2776 731 2835 idest,
747 2794 789 2827 eos
798 2776 843 2827 eise
854 2777 930 2826 vinos
942 2788 971 2824 ac
981 2774 1081 2825 damna·

215 2852 269 2896 tos,
285 2841 311 2889 δι
322 2841 381 2890 nihil
393 2840 490 2899 habere,
506 2854 556 2903 quo
571 2843 663 2903 Epicuri
677 2840 769 2889 decreta
783 2841 841 2889 tueri
857 2838 961 2904 poffintr
977 2838 1080 2951 (1εὲἰῇ

215 2903 308 2965 Epicuri
327 2918 401 2965 partes
417 2902 519 2953 deserere
536 2905 561 2952 δι
577 2902 606 2951 ad
622 2903 679 2952 alias
695 2902 849 2966 transfugere
866 2904 968 2951 merdin.

214 2964 298 3026 taust]
321 2968 376 3016 Pali.
395 2981 479 3014 omncs
494 2966 563 3012 cedere
577 2968 648 3025 cause.
670 2965 792 3029 vulgatum
812 2979 889 3015 tuetur
898 2963 1026 3015 Turnebus
1040 2964 1079 3015 tio.

217 3040 275 3078 rtrrv.
295 3042 344 3092 cap.
358 3047 379 3079 2.
400 3029 455 3077 line.
477 3032 564 3078 Gruter.
598 3033 651 3076 Hoc
668 3027 724 3076 loco
739 3029 817 3077 denuo
833 3027 974 3091 adscriptum
991 3028 1081 3078 eratin

219 3092 361 3153 exemplari,
374 3104 485 3153 quoutor
501 3097 564 3165 [Ego
575 3092 696 3154 vulgatam
715 3092 844 3141 lectionem
860 3089 945 3148 servos
969 3092 996 3141 δι
1011 3091 1082 3139 erden

219 3153 283 3215 causi
293 3155 444 3217 interpretor,
461 3169 511 3203 non
521 3155 589 3202 litem
599 3153 695 3217 perdere
710 3154 771 3216 (uon
782 3157 845 3203 enim
856 3154 880 3202 id
890 3154 983 3203 Latinis
992 3152 1083 3205 eun‘ltua

219 3217 313 3279 proprie
324 3214 449 3277 fignificat)
466 3214 504 3264 sed
514 3217 544 3265 ab
554 3216 645 3280 agenda
654 3215 721 3265 causa
736 3218 840 3280 depelli,
860 3217 898 3266 vel
913 3216 928 3265 d
944 3217 995 3274 iure
1012 3212 1085 3281 perse·

221 3277 319 3339 quenda
331 3279 431 3326 aelionis
441 3279 559 3342 causaque
570 3279 666 3343 agenda
674 3280 788 3328 excidere.
805 3286 884 3341 Quam
899 3280 924 3329 iu
940 3278 1086 3329 seutentiam

220 3346 356 3402 Torquatus
368 3344 414 3389 hoc
424 3342 480 3390 loco
490 3342 684 3406 pronuntiat,qui
695 3342 763 3392 aliter
773 3342 907 3392 existimant
917 3358 961 3392 eos
970 3342 1086 3408 indignor

219 3400 284 3457 esse,
315 3405 356 3465 qui
377 3403 407 3451 ad
422 3404 585 3453 defeniionem
599 3406 715 3469 Epicurea
735 3406 892 3456 admittantur
909 3406 1087 3464 audianturvel

221 3464 298 3525 rede,
312 3469 337 3519 δι
348 3481 377 3519 et
388 3464 428 3520 usu
439 3468 524 3521 Latine
535 3468 699 3535 loquentium,
714 3464 731 3518 fi
743 3469 799 3534 quid
810 3469 889 3525 rideo,
921 3472 1024 3531 latium.

970 3548 1013 3594 75·
1030 3540 1094 3585 Nm
