2318 3914
253 144 459 210 rhinrr
496 145 744 215 Primus.
869 165 951 235 2347

80 253 301 314 adhaesitationes
316 267 476 314 atomorum
498 255 569 312 inter
588 253 637 312 se:
666 273 700 313 eii
720 272 778 332 quo
793 257 946 316 efficeretur

57 375 60 382 .
80 331 202 390 mundus
225 340 379 408 omnesque
393 343 480 405 partes
495 328 610 398 mundi,
629 348 749 407 quaeque
762 332 792 392 in
807 352 842 391 eo
852 327 943 392 elleut.

48 410 51 443 ³
79 422 146 537 qum
160 406 223 466 clim
238 427 279 467 res
294 421 354 466 tota
367 406 431 464 fieta
445 406 476 464 sit
489 405 644 482 pueriliter,
662 420 723 465 tuin
738 426 774 466 ne
789 410 870 467 efficit
885 406 947 482 qui-

48 482 51 521 ²
100 499 145 540 em
168 485 334 559 quodvult.
373 499 438 541 narn
462 485 491 541 dc
512 481 565 557 ipsa
586 481 736 553 declinatio
745 485 782 542 ad
801 485 942 543 libidinem

77 556 189 632 fingitur
215 560 265 635 (ait
285 562 361 618 enirn
383 557 518 618 declinare
539 569 668 616 atomum
692 558 747 617 sine
773 560 864 619 causa:
884 575 942 634 quo

76 633 144 692 nihil
158 639 261 713 turpius
275 635 408 711 physico,
429 645 453 688 3¹
464 633 548 711 quim
564 633 623 708 fieri
638 633 695 693 fine
709 634 785 694 causa
792 638 944 713 quidquam

74 708 182 786 dicere)
202 715 231 770 &
246 713 323 769 illurn
338 722 448 770 motum
463 711 612 770 naturalem
628 713 756 769 omnium
774 713 942 787 ponderum,

72 798 105 842 ut
119 787 176 861 ipse
197 788 359 858 constituit,
381 786 396 846 ὲ
416 789 528 864 regione
548 787 708 846 inferiorem
729 788 825 847 locum
847 801 945 865 peten-

71 862 164 931 tium,
185 864 242 922 siue
257 864 334 922 causa
355 866 452 940 eripuit
469 865 569 922 atomis
586 884 592 921 :
612 880 664 921 nec
686 877 780 923 tamen
800 866 846 936 id,
866 865 943 941 cujus
989 896 997 909 ·

72 936 157 997 cauli
172 939 234 997 liaec
249 939 378 1011 linierat,
398 939 528 998 assecutus
542 938 606 999 est.

112 1015 190 1074 Nam
205 1015 245 1073 vfi
260 1034 357 1075 omnes
376 1017 464 1075 atomi
486 1015 677 1083 declinabunt,
697 1016 779 1074 nultae
801 1033 935 1094 uniquam
946 1035 984 1077 20

70 1089 276 1155 cohaerescent:
296 1092 350 1150 five
364 1094 424 1150 aliae
439 1093 629 1162 declinabunt,
648 1093 710 1151 aliae
723 1092 771 1151 suo
786 1093 958 1155 nurureetev
975 1093 1023 1169 fite

68 1166 210 1226 ferentur:
226 1167 348 1302 primum
360 1171 409 1227 erit
421 1171 478 1227 hoc
492 1168 566 1244 quasi
579 1170 732 1244 provincias
745 1171 844 1227 atomis
852 1170 932 1240 dare,
941 1174 994 1211 ‘⁰²¹l·
1010 1163 1083 1212 Μ·

67 1244 228 1331 quaexrecr
250 1262 332 1322 ‚quae
340 1243 451 1321 oblique
464 1244 709 1302 seranturzdeinde
717 1244 813 1304 eadem
822 1245 865 1303 illa
873 1222 1069 1344 ato-guffii,

65 1335 201 1389 morum,
221 1339 249 1378 in
271 1340 328 1398 quo
349 1323 433 1381 etiarn
454 1321 632 1378 Democritus
650 1321 737 1378 haeret
753 1364 762 1390 ,
780 1321 933 1381 turbulenta
941 1360 992 1409 qua
1002 1350 1052 1396 φῖ,

65 1395 214 1454 concursio
228 1398 302 1457 huuc
315 1397 413 1456 inundi
429 1410 557 1456 ornaturn
574 1395 681 1455 efficere
694 1413 753 1454 non
767 1399 876 1472 poterit.
895 1417 932 1458 ne
973 1412 1067 1462 uuirt.

63 1468 133 1547 illud
152 1473 267 1549 quidem
287 1474 415 1550 physici,
436 1472 546 1531 credere
566 1472 667 1549 aliquid
694 1469 747 1530 csse
774 1474 934 1536 minimum.
1011 1538 1021 1561 Ι

64 1545 145 1620 quod
160 1548 286 1623 profecto
300 1568 453 1626 numquam
467 1545 627 1624 putavisset,
646 1545 695 1606 fia
710 1548 847 1624 Polyaeno
863 1592 872 1619 ,
892 1553 934 1609 sa·

66 1621 169 1682 miliari
182 1624 248 1694 suo,
288 1626 506 1702 t2ge0metriam
524 1625 625 1683 discere
644 1622 776 1683 maluisset
802 1625 887 1702 quini
901 1628 936 1686 il-

63 1695 123 1755 lain
140 1701 221 1759 etiam
236 1701 321 1778 ipsum
338 1701 485 1762 dedocere.
524 1702 572 1759 Sol
590 1700 757 1759 Democrito
780 1711 933 1779 utmagnus

62 1773 176 1835 videtur
195 1819 204 1846 ,
229 1780 330 1854 quippe
342 1779 451 1837 homini
465 1776 573 1836 erudito
599 1776 627 1834 in
642 1778 850 1854 geometriaque
869 1798 958 1859 per·‚

62 1849 152 1910 fedo.
190 1853 254 1911 huic
268 1854 396 1929 bipedalis
416 1851 546 1912 sortasse:
567 1864 674 1910 tantum
696 1853 773 1909 enini
793 1853 846 1912 effe
865 1874 933 1914 cen·
1010 1860 1029 1873 ““

61 1925 127 1996 set,
147 1942 264 2007 quantus
279 1931 404 2000 videtur,
423 1930 468 1990 vel
481 1928 572 2005 paullo
586 1940 632 1985 aut
648 1927 800 2002 majorem,
821 1943 867 1991 aut
877 1933 931 1991 mi-

61 2018 174 2063 norem.

102 2078 143 2148 lta
158 2098 223 2156 quae
243 2092 356 2152 mutat,
383 2100 415 2141 ea
430 2080 600 2155 corrumpit:
620 2083 685 2155 quae
706 2077 849 2157 sequitur,
868 2081 971 2144 suntet

59 2156 122 2213 'tota
144 2157 310 2217 Democriti.
347 2159 458 2226 atomi,
479 2157 584 2225 inane,
602 2156 753 2290 imapines,
772 2174 836 2232 quae
855 2159 930 2220 idola

62 2233 236 2305 nominant,
255 2252 375 2311 quorum
396 2233 550 2294 incursione
570 2249 631 2292 noir
667 2230 744 2291 oliim
765 2234 928 2306 videamus,

703 2402 709 2429 ι
882 2312 930 2373 sed
1004 2388 1006 2391 ι

92 2475 131 2516 31.
148 2461 227 2524 Qum
232 2463 333 2526 fierifint
342 2465 406 2525 rausa
416 2463 536 2527 quidquam
543 2463 636 2520 dicata]
659 2464 696 2510 lta
705 2460 755 2512 fere
763 2477 848 2512 oiunet
859 2464 927 2514 rala-

62 2520 114 2573 tiui.
129 2526 254 2574 Manutius
266 2539 331 2591 putat
341 2527 459 2575 emblema
469 2525 516 2574 else
530 2525 693 2587 supervacuum
704 2542 713 2583 3
729 2524 840 2591 idemque
851 2525 927 2578 visum

60 2583 195 2642 Lambiuo,
211 2586 345 2638 asseuerantl
355 2604 405 2638 nou
415 2590 580 2655 comparereiii
590 2587 654 2637 libris
665 2589 812 2642 melioribus.
825 2589 927 2640 mihist·

58 2646 210 2700 cusvtdetui.
243 2654 308 2701 Gaui.

88 2727 131 2767 32·
149 2715 290 2761 Geomerriam
300 2715 396 2775 discere]
422 2713 520 2763 Palatini
530 2713 634 2777 quinque
648 2717 817 2769 Geometrieamt
833 2715 925 2779 piacet,

55 2773 185 2824 obvocem
190 2790 243 2824 eam
249 2776 385 2841 paullopost
390 2778 520 2840 repetitam.
527 2780 593 2824 Idem.
605 2780 641 2824 lta
652 2777 677 2825 δι
684 2776 714 2826 de
724 2778 766 2825 suo
777 2776 923 2842 pateriib.ii.

52 2835 159 2887 Observ.
175 2851 225 2902 cap.
237 2854 274 2889 22.
297 2838 334 2888 sed
350 2838 389 2888 ubi
403 2840 479 2902 placet
492 2840 528 2890 illi
536 2840 631 2888 literam
640 2838 784 2901 postremam
793 2838 923 2892 detrahere.

49 2900 130 2952 etde
139 2899 219 2950 nostra
230 2902 258 2963 ad
267 2902 405 2975 principium
417 2901 468 2950 libri
479 2902 547 2964 primi
557 2899 588 2948 ad
597 2903 750 2952 Herennium.
783 2906 878 2951 Gronau.

88 2979 130 3019 3³·
144 2965 185 3009 Ma
238 2970 257 3023 .]
271 2963 446 3014 Anaximander
455 2963 560 3013 dicebat:
577 2965 622 3012 Τὸν
636 2964 693 3013 tim
710 2965 758 3014 itai
772 2962 804 3027 ’τῇ
815 2966 867 3026 pii,
884 2966 923 3016 adr

48 3026 79 3074 dl
98 3029 180 3075 atu‘mr
212 3026 331 3077 retiner
348 3026 388 3074 rial
402 3024 596 3075 ianuarianwitra
612 3026 651 3076 rtiit
666 3026 716 3086 γῆς·
749 3030 920 3088 Anaxagoras:

48 3086 257 3139 nonnanmlm
273 3091 435 3138 iterarentur·
454 3090 593 3144 Heraclius,
609 3084 690 3145 &qm
707 3090 773 3142 ordii
787 3090 923 3151 dispuncta·

48 3152 189 3216 Epicurus,
206 3152 307 3204 H‘ilu&
321 3152 424 3212 oasitano
439 3149 450 3200 i
465 3153 544 3198 πολλῶ
559 3149 691 3205 literam,
708 3151 809 3215 ininap‘
819 3154 920 3214 μειζσμμ·

48 3211 192 3265 Plutarchus
214 3213 252 3265 lib.
264 3228 296 3264 ti,
323 3212 373 3278 angl
390 3214 435 3262 adr
456 3213 608 3270 it'pientmi·
640 3212 744 3260 Galerius
759 3247 767 3270 ,
782 3215 921 3273 atrianos.

48 3273 115 3340 leeg.
148 3276 311 3326 Eratosthenes
325 3277 351 3326 iri
366 3275 427 3325 libro
443 3272 625 3323 Dimenfionum
645 3276 677 3322 ira
694 3273 788 3326 scribit:
816 3280 919 3339 Menjloa

48 3350 141 3394 rerrae,
170 3340 236 3386 vicies
247 3342 322 3403 septi'es
339 3341 508 3396 multiplicata,
535 3338 589 3397 solit
604 3339 721 3399 mensuram
741 3341 811 3401 efficit.
845 3341 920 3390 roffi-

48 3401 145 3450 donius
155 3400 233 3451 multo
243 3404 358 3462 maiorem
368 3399 414 3451 esse
426 3403 457 3451 ait
468 3399 537 3448 tend.
554 3399 689 3451 Macrobius
698 3399 739 3454 lib.
747 3417 779 3453 rr.
794 3402 824 3453 de
833 3407 920 3458 Somn,

48 3465 116 3531 scip.
134 3463 195 3517 Vide
205 3468 337 3518 Lucretium
346 3464 416 3521 lib.v.
447 3466 557 3512 Muretus.
868 3490 872 3498 ·

467 3526 515 3575 Lis
528 3527 566 3575 ill
581 3526 619 3577 12
840 3533 922 3588 341»
