2318 3914
249 127 728 201 Lrnurtl'rrruue.
864 136 950 219 2363·

58 251 186 300 mortem
209 244 391 313 contemnit,
418 241 472 320 qud
491 243 542 320 qui
562 242 654 303 affecti
673 243 760 311 sunt,
786 243 816 303 in
831 240 931 302 eadem

60 318 143 376 causa
157 318 233 388 sunt,
252 336 307 397 qua
320 332 470 397 antequam
484 319 560 377 nati:
581 322 610 379 δι
625 320 661 379 ad
675 319 785 378 dolores
804 321 841 380 ita
854 337 932 394 para-

60 403 114 455 tus,
122 393 174 462 est,
194 406 224 452 ut
239 395 422 466 meminerit,
441 395 582 455 maximos
604 410 695 455 morte
717 393 788 453 finiri
804 438 813 465 ,
832 412 931 471 parvos
1024 436 1027 449 .
1070 438 1073 447 .

61 469 152 537 mrum
172 469 271 530 habere
298 472 439 530 intervalla
467 471 642 546 trequietis,
674 470 858 530 mediocrium
880 466 1083 542 nosgfsusssgl·

62 541 118 601 elle
133 544 277 606 dominos:
299 559 347 617 ut,
367 548 551 607 srtolerabiles
564 545 638 619 fint,
658 548 798 606 feramus:
819 547 858 605 srn
880 531 1082 604 mi-“⁸’‘l²¹¹‘¹¹⁸·

61 618 131 690 niis,
169 639 253 698 aequo
268 625 364 682 animo
380 623 396 681 ὲ
410 626 484 693 vita,
509 623 573 681 cum
595 640 627 682 ea
648 643 707 683 non
720 623 841 699 placeat,
860 638 932 680 tanr-

62 713 149 771 quam
164 695 180 754 ὲ
194 699 303 758 theatro
321 743 330 770 ,
350 718 487 759 exeamus.
525 700 634 776 Quibus
654 700 733 758 rebus
752 699 934 774 intelligitur,

62 788 118 830 nec
145 773 323 844 timiditatem
349 777 542 853 ignauiamque
562 775 733 852 vituperari,
759 793 812 834 nec
825 776 935 833 fortitu·
977 822 984 843 ,

60 845 158 907 dinem
192 851 407 928 patientiamque
435 852 537 912 laudati
563 851 612 911 suo
640 853 780 911 nomine:
809 849 855 909 sed
875 850 931 908 illas

63 920 190 999 ¹¹rejici,
209 927 273 1001 quia
287 928 413 987 dolorem
434 930 561 1006 pariant:
579 929 627 987 has
648 930 753 1004 optari,
772 929 836 1007 quia
852 927 1029 1041 volu-iffa

63 1010 181 1072 ptatem.
987 1028 995 1044 ·

103 1074 372 1150 XVI.Jusrrrrn
387 1079 513 1150 rellat,ut
527 1082 562 1141 de
575 1082 654 1140 omni
668 1078 929 1148 virtutefitdidlum,
941 1098 978 1156 50
1082 1126 1086 1132 .

63 1148 109 1209 sed
123 1151 218 1211 similia
232 1155 289 1214 ferd
304 1158 358 1217 dici
371 1156 488 1233 possunt.
527 1171 558 1217 ut
572 1159 647 1216 enim
660 1154 837 1232 sapientiam,
857 1168 930 1214 tem-

59 1230 231 1300 perantiam,
250 1233 459 1303 fortitudinem,
480 1235 618 1311 copulatas
632 1229 685 1295 else
699 1232 783 1291 docui
796 1249 859 1291 cum
877 1249 929 1290 vo·

60 1301 183 1378 luptate,
202 1320 233 1365 ut
247 1309 281 1366 ab
294 1327 327 1368 ea
340 1310 416 1369 nullo
430 1310 518 1369 modo
531 1327 584 1369 nec
605 1308 697 1368 divelli
712 1351 721 1378 ,
754 1325 808 1366 nec
820 1307 928 1368 distrahi

62 1380 181 1452 pollint,
200 1382 238 1441 fic
257 1383 292 1442 de
303 1385 594 1461 justitiajudicandum
608 1386 662 1454 est,
681 1402 746 1462 quae
760 1401 820 1442 non
838 1384 928 1443 modo
968 1394 994 1441 Ρ.
1014 1394 1042 1443 u.

48 1471 218 1546 numquam
239 1474 324 1520 nocet
337 1459 506 1540 icuiquam,
525 1460 608 1520 ⁶⁷sed
629 1459 726 1520 contrd
752 1459 861 1534 semper
880 1455 944 1520 aliti
960 1452 1027 1519 quid·

63 1531 168 1609 abqtud
181 1548 242 1594 tum
258 1538 287 1596 vi
308 1536 353 1595 sua
384 1552 466 1614 atque
480 1536 593 1609 natura,
612 1537 688 1615 quod
701 1537 857 1613 tranquillet
869 1531 1010 1595 ani-quam
1023 1514 1077 1567 ω·

60 1623 143 1668 mos:
161 1622 223 1670 tum
236 1611 299 1687 spe,
318 1613 386 1672 nihil
399 1632 493 1674 earum
507 1633 599 1674 rerum
614 1614 780 1681 ¹defuturum
800 1656 809 1683 ,
826 1612 931 1689 ⁶8quas
1062 1630 1065 1637 ·

60 1695 160 1770 natura
173 1705 231 1746 non
248 1688 394 1764 depravata
408 1690 548 1756 desideret.
579 1689 826 1769 quemadmodum
843 1702 932 1749 teme·

60 1771 146 1831 ntes,
165 1764 293 1823 &libido
309 1806 318 1833 ‚
338 1765 368 1823 δι
381 1767 489 1842 ignavia
502 1768 609 1845 semper
624 1768 748 1825 animum
764 1768 933 1835 excruciant,
1011 1800 1035 1829 -,
1085 1814 1088 1821 i

62 1836 214 1915 &semper
237 1840 381 1901 sollicitant
406 1843 624 1921 turbulentaeque
637 1842 720 1902 suut:
747 1840 822 1901 ⁶9fic
841 1840 859 1875 *
878 1840 895 1875 '⁵
914 1840 932 1876 ¹⁶

883 1935 933 1983 cu,-

61 2063 178 2139 mendum
188 2067 261 2120 inesse
273 2084 347 2136 prope
356 2084 446 2123 cenum
456 2071 497 2122 est.
514 2077 545 2122 Et
554 2071 627 2122 lectio
637 2073 697 2120 ven.
709 2068 769 2119 mibi
780 2080 930 2133 nequaquam

61 2126 185 2192 displicet,
200 2138 230 2180 Et
241 2138 309 2197 rigere
318 2140 389 2184 anime·
398 2139 464 2184 πίω
474 2149 562 2184 mertem
572 2138 691 2183 contemnit.
708 2136 805 2181 camec.

96 2200 135 2249 67.
151 2197 180 2241 Si
189 2210 261 2243 cenare
267 2198 347 2260 semper
357 2201 400 2246 elit
409 2200 443 2244 ele·
457 2199 517 2258 aeid]
531 2201 596 2262 Qu
606 2210 650 2262 pto
659 2198 746 2261 ese'qee'd
756 2193 789 2243 est
801 2196 826 2244 iu
842 2207 930 2243 manu·

59 2252 199 2368 sc5iptumfi&
209 2259 292 2324 paullo
303 2259 356 2324 post
364 2214 492 2326 legensurn
507 2277 561 2326 qeee
571 2273 651 2309 natm
663 2276 704 2307 nen
718 2263 835 2322 depravere
850 2258 930 2318 defide-

61 2334 103 2368 ne
142 2336 153 2369 Ῐ
173 2337 197 2372 n·

93 2389 131 2431 68.
150 2386 260 2449 Natureld
283 2384 494 2445 amnemamnem
518 2383 580 2434 Illud
590 2386 706 2445 depravate
717 2383 826 2448 scriptum
837 2393 887 2445 erat
901 2381 927 2435 ln

60 2445 188 2519 margine,
203 2454 253 2510 quo
260 2397 429 2512 sgntficeeetur
440 2481 448 2506 ,
463 2448 590 2512 depravata
600 2445 660 2505 effe,
677 2462 727 2511 quae
739 2444 815 2495 llatim
825 2444 928 2521 sequun-

59 2521 108 2557 tur.
141 2510 196 2557 rode
206 2525 248 2574 per
257 2525 360 2561 errorem
369 2511 509 2560 translatum
522 2510 554 2559 est
565 2513 590 2558 in
599 2510 748 2560 cbnrextum.
777 2509 926 2567 Lambinus,

57 2572 242 2634 nondepeavete.
258 2578 373 2623 Muretus.
394 2570 929 2636 Quonmmeeedepreveeeeefidme.]Haud
1004 2602 1012 2621 ·

58 2634 138 2697 refugi
149 2634 215 2697 quod
223 2636 344 2686 invenerat
355 2638 380 2685 iu
391 2635 431 2686 suo
441 2636 535 2684 Fulvius
550 2635 646 2685 Ursinus
657 2671 665 2694 ,
678 2651 772 2702 egoque
787 2636 812 2682 in
825 2636 871 2683 Pal.
888 2649 926 2697 pr.

58 2702 88 2749 δι
100 2697 256 2760 Scaligerauo.
273 2699 391 2748 naucum
401 2697 522 2762 publicaria
532 2698 640 2747 exulabat
652 2701 762 2764 negativa
771 2714 819 2745 nen.
835 2701 859 2745 dr
867 2695 925 2746 reeb

58 2762 95 2810 ira
104 2758 247 2824 legendum,
262 2774 301 2810 aut
312 2761 421 2811 tollenda
447 2775 540 2810 teterea
550 2759 623 2810 druto
633 2764 758 2825 depravere.
774 2758 813 2809 sed
826 2758 927 2820 nequid

57 2823 222 2880 dissimulem,
237 2825 263 2873 δι
278 2823 385 2888 periodus
400 2776 478 2873 issac
492 2825 518 2873 δι
529 2821 652 2897 sequentes
672 2820 928 2872 omnioo¹adulterarae

56 2888 118 2938 sunt.
135 2901 206 2950 quare
216 2888 240 2936 dc
251 2886 356 2951 asterisco
367 2888 447 2936 locum
457 2885 575 2949 insigniar.
609 2891 697 2935 Geretae.

92 2959 130 3005 69.
148 2953 186 2996 Sic
194 2949 304 3010 injustitie
313 2954 373 3009 eeejeer
383 2955 406 2997 in
416 2963 484 2997 mente
492 2949 595 3009 consedit,
611 2953 647 2995 hec
658 2950 714 3010 ipse,
724 2946 781 3008 quid
790 2944 847 3003 adest
857 2979 864 3001 ,
878 2957 930 2994 aar·
993 2992 997 3003 ,

57 3014 144 3061 bedente
154 3030 194 3059 noa
201 3010 265 3075 petest
274 3029 315 3058 nen
324 3013 381 3073 effe]
399 3017 478 3060 Locus
487 3011 539 3066 hic,
551 3013 575 3060 in
587 3011 680 3060 Aldinis
692 3008 834 3058 editlonibue
844 3007 929 3071 depra-

57 3088 145 3132 vatus,
167 3076 199 3123 ita
209 3090 240 3124 err
256 3074 418 3136 manuscriptis
432 3073 604 3138 exemplaribus
618 3074 651 3122 est
662 3073 820 3136 corrigendus.
850 3072 926 3130 vrfin.

58 3142 100 3186 Sic
120 3140 136 3172 't
150 3137 167 3171 *
181 3137 198 3171 *
214 3142 275 3198 cujus
290 3142 315 3185 in
332 3137 525 3198 menrecensede'r.]
556 3137 632 3184 Malui
657 3133 761 3184 indicare
779 3135 860 3185 locum
878 3131 927 3184 esse

59 3214 173 3248 mancum
194 3201 268 3264 quim
277 3202 300 3249 ei
316 3199 402 3248 addere
409 3197 499 3261 aliquid
509 3197 539 3248 de
550 3212 620 3256 tneo,
636 3210 661 3246 ut
671 3199 727 3247 fecit
738 3200 819 3248 Paulus
835 3193 927 3246 Manuss

59 3263 123 3314 tius,
146 3263 268 3321 interiecto
289 3263 363 3312 verbo
374 3267 490 3326 impierum
506 3275 532 3311 ut
542 3259 683 3317 Lambinus,
701 3259 783 3310 addito
799 3261 923 3322 injustitia,

57 3339 89 3373 ex
101 3322 155 3375 mss.
167 3327 243 3381 aiunt:
260 3325 300 3375 sed
310 3327 350 3375 viu
361 3340 408 3391 ego
417 3322 523 3374 credulus
532 3324 596 3373 illie:
614 3337 652 3373 aut
665 3321 682 3371 fi
696 3322 748 3373 sunt
759 3322 924 3385 manuscripti,

56 3387 340 3452 suntcerteiurerpolati.
366 3403 442 3451 neque
451 3387 500 3437 tale
515 3384 573 3450 quid
582 3388 656 3450 reperi
664 3388 689 3434 in
700 3388 810 3437 Palatinis
820 3384 866 3437 ser.
901 3382 925 3431 sl
1009 3436 1012 3442 ,

57 3450 138 3504 liceret
154 3450 227 3502 libere
241 3464 373 3517 proponere
388 3449 454 3517 quod
467 3450 567 3499 sentiam
584 3482 591 3506 ,
609 3448 710 3499 dicerem
726 3450 807 3502 locum
822 3447 853 3498 sic
861 3445 926 3494 belle

320 3558 327 3609 q
466 3515 549 3565 Meum
562 3528 642 3566 mmm
656 3530 679 3567 m
696 3525 711 3563 2
863 3503 931 3572 posst
