2318 3914
254 96 333 159 2622
403 89 1009 159 Tutcuu.Drsrurnrrorruu

250 204 369 279 dymion
390 207 484 279 vero,
512 208 532 266 fi
557 208 659 267 fabulas
687 206 781 267 audite
811 204 971 279 volumus,
996 204 1126 268 7²nestio

103 293 204 346 equam
254 281 385 356 ⁸quando
398 285 428 343 in
441 285 546 343 Latmo
568 282 764 353 obdormivit,
789 284 838 360 qui
859 282 898 342 est
919 300 1007 343 mont
1029 282 1125 343 Cariae

106 349 159 396 MS·
254 357 406 429 nondum,
426 362 551 437 opinor,
577 360 615 419 eii
635 360 818 435 experrectus.
853 376 925 418 num
958 360 1044 419 ''tut
1064 378 1124 420 eum

256 448 350 492 curare
364 436 472 504 censes,
491 435 556 495 cum
569 438 650 494 Luna
662 436 783 504 laboret,
803 435 820 494 dt
834 452 891 512 qua
901 452 959 493 con
972 437 1069 512 opitus
1081 454 1126 511 pu·

109 515 245 569 rosorieme
256 518 351 579 tatur,
377 526 409 572 ut
428 531 493 571 eum
514 512 701 571 dormientem
721 509 932 571 toscularetur?
959 512 1033 589 quid
1053 524 1125 571 curet

110 583 162 630 MS·
256 597 375 657 autem,
394 590 442 665 qui
457 607 493 647 ne
506 587 585 647 sentit
606 586 748 663 quidem?
771 588 853 647 habes
872 586 1010 647 somnum
1034 586 1126 663 imagi·

255 677 322 720 nem
338 667 449 734 mortis,
469 682 588 738 eamque
600 663 726 798 quotidie
740 663 838 724 induis.
873 662 912 722 Et
923 662 1125 741 dubitas,quirr

254 736 341 796 sensus
354 740 383 797 in
397 752 488 799 morte
502 740 590 799 nullus
624 752 653 808 t,
672 749 701 793 73
711 737 775 797 cum
798 740 827 798 in
848 738 906 815 ejus
919 736 1076 799 fimulacto
1089 741 1125 799 vi·

254 812 318 871 deas
332 812 384 873 eiie
398 817 504 874 nullum
519 812 645 875 sensum?

211 916 246 976 93
292 890 421 951 XXXIX.
440 894 590 952 Perrnu
602 912 678 951 ron
697 891 828 969 ergoistae
842 892 958 969 ineptiae
971 890 1061 968 paend
1074 892 1125 951 aui·

147 980 173 1027 1.
193 980 219 1027 u.
256 967 318 1035 les,
344 981 407 1027 ante
430 980 540 1045 tempus
562 970 636 1028 mori
655 967 784 1027 misemm
809 966 872 1028 eise.
908 968 992 1043 quod
1012 966 1124 1029 tandem

257 1042 385 1118 tempus?
404 1056 568 1105 naturaenet
585 1046 625 1104 At
637 1062 670 1105 ea
684 1045 798 1121 quidem
812 1044 887 1104 dedit
908 1044 1025 1105 usuram
1046 1046 1123 1113 vitae,

257 1131 400 1196 tamquam
415 1123 559 1199 pecuniae,
577 1121 650 1181 nulla
663 1120 808 1197 praestituta
825 1121 881 1192 die.
920 1121 1005 1197 Quid
1021 1120 1062 1181 est
1079 1120 1124 1196 igi-

259 1208 327 1262 tur,
356 1199 433 1274 quod
452 1214 591 1275 querare,
618 1196 771 1271 strepetit,
797 1195 861 1255 cirm
882 1196 942 1255 vult
961 1196 974 1254 ἓ
995 1214 1032 1256 ea
1053 1199 1123 1256 enim

257 1273 418 1343 conditione
431 1290 582 1348 acceperas.
620 1273 771 1342 lidem,s1
790 1290 858 1347 puer
877 1290 979 1348 parvus
1000 1272 1124 1341 occidit,

258 1366 342 1424 aequo
359 1352 455 1410 animo
475 1350 619 1409 ferendum
638 1362 756 1424 putant:
783 1347 890 1407 {ivero
910 1351 941 1407 in
961 1351 1045 1408 cunis
1063 1392 1074 1418 ,
1090 1366 1123 1407 ne

258 1427 429 1500 querendum
445 1426 566 1502 quidem.
604 1426 692 1503 Atqui
710 1424 814 1484 abhoc
831 1424 953 1484 acerbius
968 1424 1067 1500 exegit
1079 1442 1123 1484 rra·

257 1513 334 1571 tuta,
353 1504 429 1578 quod
455 1502 574 1562 dederat.
612 1501 748 1561 Nondum
779 1501 948 1577 gustaverat,
968 1502 1122 1579 inquiunt,

256 1579 323 1636 vitae
336 1578 511 1638 suavitatem:
530 1579 576 1636 hic
601 1591 694 1637 autem
713 1579 771 1653 jam
792 1577 912 1653 sperabat
925 1593 1051 1653 magna,
1068 1576 1124 1654 qui·

113 1679 129 1713 v
145 1660 184 1713 Ad
198 1655 306 1712 uubus
321 1654 373 1712 frui
386 1668 515 1731 coeperat.
552 1654 613 1713 *Αἰ
625 1654 654 1712 id
667 1655 781 1730 quidem
795 1653 883 1730 ipsum
896 1655 927 1711 in
941 1654 1044 1712 ceteris
1050 1656 1122 1711 rebus

112 1732 145 1793 R
260 1730 356 1789 melius
369 1743 495 1806 putatur,
532 1731 568 1789 ali
587 1748 650 1789 uam
665 1742 770 1805 partem
795 1728 881 1806 quam
902 1729 1012 1789 nullam
1046 1728 1122 1787 attin·

113 1824 131 1857 x
145 1808 208 1859 male
261 1823 348 1882 gere,
375 1824 423 1865 cur
443 1808 472 1866 in
493 1809 549 1866 vita
567 1750 668 1866 Pecus?
694 1810 875 1882 Quamquam
895 1822 956 1864 notr
970 1804 1071 1865 *male
1087 1805 1121 1863 ait

114 1872 178 1921 0²¹¹·
262 1882 462 1953 Callimachus,
481 1883 570 1943 multo
592 1883 686 1957 saepius
700 1880 858 1959 lacrymasse
871 1882 1018 1941 Priamum
1040 1880 1120 1959 quint

113 1936 187 1983 Lami.
257 1958 397 2018 Troilum.
434 1977 533 2019 eorum
546 1970 657 2029 autem,
675 1960 724 2035 qui
736 1958 832 2018 exacta
850 1969 934 2017 aetate
947 1960 1119 2027 moriuntur,

256 2036 366 2094 fortuna
384 2034 516 2094 laudatur.

213 2139 252 2199 94
296 2111 374 2170 Cur?
392 2121 513 2181 tanam,
531 2129 617 2180 reor,
636 2111 714 2170 nullis
730 2152 739 2179 ,
757 2109 779 2169 st
800 2112 855 2170 vita
870 2110 984 2247 longor
997 2112 1120 2177 daretur.

256 2184 344 2264 poffet
357 2186 409 2244 eise
419 2187 577 2261 jucundior.
614 2189 690 2246 Nihil
712 2188 750 2246 est
769 2188 844 2247 enim
857 2204 915 2321 pro
946 2186 996 2247 ὁὶὸ
1016 2188 1121 2251 homiui

868 2275 927 2323 erat
942 2306 952 2332 ,
970 2262 1054 2327 affert
1066 2280 1121 2325 cet·

259 2338 287 2396 td
313 2338 445 2423 senedus.
483 2341 557 2414 Quae
584 2338 651 2397 vero
680 2353 745 2398 aetas
770 2341 852 2416 longa
878 2337 945 2398 est?
986 2353 1036 2401 aut
1056 2338 1119 2419 quid

257 2415 376 2473 omnino
390 2415 500 2473 homini
512 2414 650 2491 longum?
669 2432 765 2474 nonne
779 2416 867 2476 modo
888 2434 1017 2491 pueros,
1036 2413 1120 2553 quu

1056 2510 1119 2555 ao-

256 2262 400 2339 prudentid
412 2263 531 2332 dulcius,
552 2280 653 2339 quarn,
673 2275 704 2321 ut
717 2274 807 2323 cetera
820 2282 855 2323 au

254 2663 382 2775 fflJnMS.
396 2662 496 2776 rg‘trens.
505 2664 613 2776 cotmfit}
623 2665 786 2730 representat,
800 2670 887 2744 nesciere
896 2652 995 2746 quidem·
1003 2672 1117 2731 iderunt,

255 2744 320 2864 fni
331 2740 395 2845 iri?
402 2741 502 2841 u1⁰135¹¹
497 2742 609 2841 iiiii}
615 2733 778 2844 XXXX?
779 2746 833 2843 {32⁰
834 2732 1013 2859 XXXX
1015 2748 1118 2858 ἷέἱὲὲῖ

256 2851 396 2900 incumbere.
431 2855 512 2913 Davzss

288 2932 326 2968 72·
344 2916 416 2974 Nescio
425 2920 508 2979 quando
518 2918 541 2962 in
550 2918 625 2963 latmo
638 2918 787 2976 abdominum
803 2917 948 2969 Aduerbium
964 2924 1054 2984 quotide
1073 2927 1118 2973 An·

256 2978 335 3027 tonius
347 2977 486 3041 Augustinus
496 2990 571 3027 mutat
582 2978 607 3027 iu
622 2994 663 3042 qno
673 2981 734 3027 modo
745 2997 754 3026 .·
775 2984 801 3030 &
812 2982 855 3030 illa
865 2980 946 3038 uerba,
959 2996 1016 3046 quae
1024 2984 1119 3049 sequuti·

255 3053 310 3162 gris,
329 3043 380 3102 Qr'
390 3040 417 3100 est
428 3044 575 3096 marcario,
591 3053 656 3103 putat
667 3040 713 3091 effe
723 3042 838 3094 {chelium
848 3045 1011 3096 Gummitici
1020 3048 1117 3113 nlimjttt.

280 3120 328 3151 Vm·

288 3181 326 3220 73.
343 3173 393 3213 (um
403 3169 426 3213 in
436 3169 481 3227 ejus
487 3167 599 3226 stmulacro
613 3170 690 3215 videas
704 3169 788 3216 auidum
807 3169 845 3230 effe
854 3170 961 3232 [etism]
992 3172 1066 3225 Abest
1076 3186 1118 3225 vox

247 3228 332 3288 senum
342 3227 371 3276 ab
381 3231 495 3292 antiquo,
510 3232 535 3279 δι
547 3231 652 3285 redte,ut
663 3231 755 3295 opinor.
787 3234 855 3282 Idem.

286 3305 323 3348 74.
341 3297 410 3348 Nam,
427 3294 564 3350 reor‚nuiiir,
570 3293 591 3351 fi
604 3296 654 3340 vita
664 3296 745 3356 longior
754 3295 860 3353 datarum]
875 3299 911 3344 ita
921 3297 1057 3349 Lambinus
1068 3316 1076 3348 t
1089 3300 1117 3349 in

254 3351 369 3401 Fabricius
390 3352 485 3417 duoque
497 3354 553 3407 mil.
566 3356 702 3421 remquint.
709 3356 801 3429 Vulgo,
816 3365 888 3416 Nm,
906 3376 967 3421 rm,
982 3380 1027 3411 nort
1037 3361 1117 3420 utini

5 3457 7 3464 ,
254 3420 304 3463 vita
314 3417 371 3480 long.
403 3415 523 3470 Gebhatd·

5 3421 164 3573 ἢ
988 3502 1029 3549 75.
1046 3486 1117 3539 orarit

153 3577 162 3642 d
