2318 3914
197 152 389 218 Lirin
433 149 776 221 Saenianus
862 158 949 243 2385

64 224 154 330 sollum
168 278 254 342 putes.
291 282 380 325 unum
401 263 464 333 est,
492 261 548 322 fine
579 264 676 325 dolore
702 262 777 325 else:
796 264 939 342 alterum,

65 360 133 401 cum
147 343 295 418 voluptate.
334 359 385 401 vos
407 358 442 399 eir
463 340 505 397 his
525 353 582 400 tam
607 341 774 400 dissimilibus
786 343 863 402 rebus
876 364 937 409 nou

66 416 157 478 modd
169 436 275 478 nomen
287 437 378 477 unum
398 416 476 491 (nam
489 414 518 474 id
532 416 642 476 saciliis·
655 424 774 495 paterer)
793 418 838 477 sed
852 424 937 485 eriam
990 438 995 448 ·

67 512 128 553 reni
143 513 226 555 unam
240 513 276 558 eir
291 494 395 553 duabus
410 493 500 552 facere
515 495 666 553 conamini.
713 495 772 554 uod
786 494 843 554 lieri
861 498 938 557 nullo

66 571 156 631 modo
170 572 267 648 potest.
307 571 387 638 Hic,
414 566 632 646 qui'utramque
655 587 707 646 pro
726 582 784 639 at,
815 573 947 633 ambobus

66 646 160 706 debuit
173 650 231 717 uti,
251 657 281 689 ²2
291 646 359 705 ficut
373 646 438 705 facit
452 662 498 714 re,
517 664 612 723 neque
627 656 722 705 tamen
738 644 835 705 dividit
853 648 951 711 uerbis.

65 721 131 783 cum
149 726 226 783 enim
243 741 306 782 earn
323 721 406 798 ipsam
422 721 614 797 uoluptatem,
633 740 719 799 quam
735 722 837 782 eodem
854 725 948 785 nomi·

65 817 103 858 ne
118 818 220 859 omnes
233 800 416 875 appellamus,
434 798 526 858 laudat
544 800 614 859 locis
635 799 780 875 plurimis,
800 799 884 859 audet
903 800 947 861 di·

66 893 150 944 cere,
170 893 207 933 ne
222 876 344 951 suspicari
357 876 471 952 quidem
484 874 510 933 se
525 877 612 936 ullum
628 878 735 935 bonum
750 875 903 952 sejundum
911 877 947 937 ab

65 952 116 1011 illo
132 951 293 1027 Aristippeo
306 969 406 1029 genere
423 952 593 1028 voluptatis:
614 966 697 1030 atque
717 952 754 1012 ibi
777 955 833 1013 hoc
855 953 945 1024 dicit,

66 1029 118 1086 ubi
132 1030 225 1087 omnis
240 1030 297 1104 ejus
310 1029 347 1088 est
360 1031 448 1090 oratio
463 1028 625 1090 desummo
639 1031 725 1089 bono.
765 1029 798 1088 ln
814 1029 868 1089 alio
877 1029 945 1089 verb

66 1103 159 1173 libro,
177 1104 277 1181 inquo
291 1104 407 1165 breviter
428 1105 633 1182 comprehensis
658 1106 817 1182 gravissimis
836 1104 947 1167 senten·

67 1180 132 1250 tiis,
151 1179 226 1257 quasi
240 1183 347 1242 oracula
361 1180 473 1243 edidisse
493 1184 632 1259 sapientiae
652 1183 750 1242 dicitur
765 1225 773 1252 ,
794 1182 881 1242 scribit
899 1184 943 1244 his

69 1258 174 1316 verbis:
214 1276 261 1316 uae
272 1272 339 1318 nota
352 1261 402 1319 tibi
416 1259 561 1335 prosedb,
580 1260 750 1334 Torquate,
768 1257 838 1319 sunt.
880 1261 941 1337 quis

71 1332 188 1391 enimv
226 1334 289 1394 idm
310 1353 371 1394 non
401 1334 512 1394 edidicit
538 1337 806 1410 ²3Epicuriexvpiae
831 1334 939 1408 δόξαις,

69 1408 135 1468 ²aid
149 1410 203 1479 est,
223 1410 434 1487 quasimaxime
448 1424 514 1470 ratas
530 1411 542 1470 ?
562 1414 626 1488 quia
647 1411 809 1486 graviffimae
833 1410 885 1470 sint
903 1412 940 1472 ad

69 1483 149 1546 beate
169 1488 322 1547 vivendum
343 1488 461 1547 breviter
475 1491 625 1549 enuntiatae
645 1488 796 1547 sententiae.
816 1488 942 1548 animad-

71 1574 150 1622 verte
164 1564 261 1638 igitur,
281 1563 392 1623 reddne
407 1565 478 1622 hanc
484 1563 653 1625 sententiam
666 1565 837 1639 interpreter.

111 1680 131 1708 „
151 1639 178 1697 Si
191 1657 223 1698 ea
237 1684 245 1710 ‚
265 1658 329 1718 quae
341 1638 484 1699 luxuriosis
498 1641 643 1700 efficientia
658 1640 830 1716 voluptatum
846 1684 855 1711 ,
875 1638 941 1699 libe·
950 1652 983 1698 21

71 1755 93 1784 „
114 1728 202 1774 rarent
216 1735 265 1776 eos
280 1717 412 1784 deorum,
436 1717 467 1774 &
480 1719 594 1785 mortis,
614 1718 644 1776 bc
658 1716 760 1775 doloris
772 1728 868 1786 metu,
888 1716 942 1776 do·

69 1832 91 1860 „
112 1804 279 1869 cerentque,
298 1794 346 1870 qui
360 1789 446 1852 essent
460 1790 529 1852 fines
543 1792 724 1869 cupiditatum
732 1815 742 1861 ;
763 1802 791 1845 25
799 1793 866 1852 nihil
880 1794 941 1852 hae-

71 1909 92 1936 „
111 1882 256 1929 reremus:
277 1869 341 1932 clim
364 1869 487 1945 undique
509 1870 714 1943 complerentur
735 1868 941 1944 voluptatibus,

71 1984 92 2013 ,‚
114 1962 167 2004 nec
180 1946 313 2006 haberent
334 1945 387 2004 ulla
410 1963 444 2002 eir
467 1958 542 2022 parte
562 1945 665 2021 aliquid
684 1955 731 2002 aut
754 1943 874 2013 dolens,
894 1958 942 2005 aut

71 2061 92 2089 ,‚
113 2036 237 2096 aegrum,
257 2022 285 2081 id
300 2021 337 2081 est
351 2020 461 2079 ¹autem
483 2022 596 2080 malum.
633 2020 701 2079 Hoc
720 2018 786 2078 loco
805 2019 831 2078 se
845 2030 957 2080 tenerel
972 2034 1073 2084 aurarii.

71 2092 197 2155 Tiiarius
224 2117 282 2157 non
297 2097 409 2175 potuit.
447 2098 598 2158 mObsecro
615 2140 623 2166 ,
643 2095 755 2172 inquit,
775 2095 938 2172 Torquate,
963 2098 985 2145 1².
994 2100 1078 2145 ΜΠ·

69 2173 134 2231 liaec
148 2173 215 2233 dicit
227 2172 382 2250 Epicurus?
400 2174 478 2251 quod
493 2175 560 2233 milii
574 2173 688 2251 quidem
703 2170 772 2229 visus
787 2173 824 2230 est
845 2215 854 2242 ,
874 2171 937 2233 cum
948 2172 973 2206 ¹¹¹
994 2155 1090 2232 obsecro

18 2308 24 2314 .
71 2250 167 2321 sciret,
187 2250 258 2311 velle
271 2263 367 2312 tamen
381 2248 563 2312 confitentem
577 2249 669 2311 audire
684 2248 873 2326 Torquatum.
898 2251 940 2388 ffit
948 2232 1090 2336 ‘1232qu

928 2345 944 2387 e

106 2495 144 2530 22.
162 2483 222 2529 Sicut
227 2481 287 2541 feeit
298 2501 333 2540 re,
348 2500 412 2549 neque
422 2495 493 2532 samm
503 2483 687 2540 dividissent]
701 2482 805 2547 Expreffi
816 2481 943 2546 quoderat

74 2540 100 2590 in
114 2544 159 2592 l’al.
171 2559 205 2606 pr.
221 2559 290 2595 antea
307 2545 338 2595 lic
350 2545 473 2608 conjecisse
483 2547 600 2611 quosdam
611 2547 686 2609 liquet
702 2559 732 2594 ex
745 2547 808 2594 notis
820 2543 941 2595 Lambini

73 2606 136 2668 prius
146 2606 281 2669 legebatur,
292 2611 347 2668 ficut
352 2610 425 2669 satit,
441 2627 525 2671 remque
535 2627 606 2657 tamen
616 2611 701 2657 diuidit
708 2611 789 2664 ‚berbin
823 2613 893 2657 Grut.

107 2684 145 2724 23.
162 2674 253 2732 Epicuri
263 2674 335 2730 nupsere
344 2673 423 2734 δῖξις,
439 2674 463 2719 ἑά
473 2673 501 2733 eli
510 2677 605 2720 maxime
614 2677 707 2729 retati]
728 2673 841 2720 Alienum
853 2669 899 2718 effe
915 2671 941 2718 dc

75 2733 179 2782 omnino
192 2731 318 2783 delendum
334 2734 391 2784 illud
407 2747 485 2810 puto,
506 2735 741 2789 1‘delimaximeraras
752 2752 760 2791 3
777 2733 810 2782 est
821 2734 887 2780 enini
901 2731 944 2778 ad-

74 2793 160 2857 scripta
182 2796 211 2843 ad
228 2801 302 2855 supine
319 2799 387 2861 δόξας
407 2799 588 2860 interpretatio,
615 2809 755 2847 nectamen
772 2796 943 2858 intelligenter.

74 2870 125 2905 nori
137 2857 204 2906 enim
214 2864 288 2916 κυρίας
297 2860 363 2971 ciebas
373 2859 457 2909 Latine
469 2860 517 2917 est,
531 2867 627 2909 maxime
635 2874 693 2907 raras
705 2893 712 2915 ,
727 2858 783 2916 sed,
801 2859 880 2917 firmas
895 2856 945 2914 fm-

73 2922 160 2969 centias.
176 2919 207 2969 de
217 2921 301 2986 quibus
311 2922 328 2971 li
344 2938 377 2974 .r.
394 2923 424 2971 de
435 2927 491 2972 Nat.
506 2928 537 2973 D.
560 2927 662 2978 inillis,
681 2922 778 2984 inquit,
798 2922 882 2981 saleriis
897 2920 943 2978 ejice

73 2982 214 3047 brevibusque
221 2987 345 3046 sententiis,
361 3003 415 3050 quas
426 2982 536 3047 appellatis
546 2990 617 3046 topia<
627 2987 701 3047 δόξεις.
736 2990 761 3033 Ρ.
771 2986 858 3031 Manus.

108 3062 146 3103 24.
163 3050 190 3095 Id
200 3047 228 3106 est
237 3050 299 3112 quast
308 3048 404 3095 maximi
411 3053 595 3105 ratas?]Vocem
605 3048 665 3111 quas
676 3046 776 3104 adjicere
785 3045 941 3095 libuirexl’al.

76 3109 171 3170 primo;
187 3108 228 3159 etfi
241 3111 348 3176 alioquin
359 3126 409 3159 non
419 3110 549 3158 admodum
560 3110 662 3174 refrager
674 3109 804 3165 Lambino,
820 3108 942 3158 arbitranti

77 3171 220 3221 totumistud
230 3174 342 3224 alienum.
360 3175 416 3238 quin
429 3172 480 3221 imo
490 3174 593 3227 eiusdem
600 3171 671 3236 plane
678 3171 945 3223 farinaeadliucmiliivi·

79 3233 164 3281 dentur
174 3250 260 3284 notem
272 3238 343 3286 verba
355 3236 406 3300 post
417 3238 543 3298 sequentia.
575 3239 664 3283 Gruter,

110 3312 147 3350 25.
165 3303 228 3345 Nihil
237 3303 377 3349 haeremus:
393 3298 440 3346 aim
456 3300 569 3360 undique]
599 3300 635 3348 Sic
649 3312 696 3348 tres
712 3298 770 3350 Pall.
782 3314 859 3365 neque
875 3300 944 3349 aliter

78 3358 140 3407 uiti.
153 3358 189 3408 ecl.
202 3363 264 3425 prior
272 3365 336 3412 enim
348 3365 374 3413 bc
385 3362 541 3425 posteriores,
556 3365 614 3410 nihii
624 3364 733 3418 haberer,
750 3367 806 3426 quod
816 3364 951 3427 reprebenda-

53 3442 56 3447 ’
77 3439 122 3538 iam
133 3421 226 3503 ‚fimi
243 3440 295 3492 que
304 3440 387 3478 tamen
399 3426 424 3477 iri
439 3425 508 3475 nullo
523 3427 630 3476 Palatino
645 3460 653 3484 ,
671 3425 710 3477 sed
726 3424 803 3478 solum
817 3429 947 3476 haberemus.

107 3500 155 3536 tm·

488 3563 550 3607 Nan
563 3568 646 3603 naun
662 3568 675 3612 5
857 3556 894 3600 26.
912 3548 951 3596 Si·
