2318 3914
177 218 180 223 ,
221 171 301 240 2302
377 147 589 216 ncnnrn.
621 150 928 232 Quasnouurr

207 261 377 335 'ceptionem
406 277 559 335 numquam
588 260 783 336 impetrabunt.
826 264 930 321 etenim
959 253 1029 315 clam
1057 254 1090 317 ab

106 340 133 395 r·
148 339 175 388 B·
217 335 359 411 Epicuro,
379 337 427 410 qui
445 349 533 395 totam
549 337 719 400 dialecticam
740 337 948 397 &contemnit
980 333 1012 391 ὃ(
1033 333 1092 401 irri-

217 411 281 483 det,
302 430 360 472 non
374 416 538 489 impetrent,
558 430 588 475 ut
602 434 700 475 verum
716 413 769 485 effe
784 415 935 480 concedat,
955 407 1039 495 quod
1053 410 1090 469 ita

218 487 381 560 effabimur,
401 503 448 549 aut
468 495 544 552 viret
561 511 617 552 cras
637 493 837 560 Hermacbus,
858 504 904 547 aut
918 505 977 545 non
991 498 1093 551 vrvett,

218 565 282 625 cum
297 567 432 629 dialectici
446 567 482 627 sac
495 569 625 639 statuant,
646 587 750 637 omne,
769 567 846 644 quod
859 569 896 624 ita
915 558 1090 636 disjundturn

217 640 266 711 fit,
287 643 377 719 quast,
397 646 558 713 autetiam,
577 658 714 714 autnon,
733 665 791 705 non
807 640 894 701 modb
909 654 1010 696 verum
1022 634 1089 707 effe,

69 743 87 778 n
102 738 174 776 cattas,
217 718 262 777 sed
280 721 362 778 etiarn
378 718 571 799 neceffarium:
592 721 655 780 vide
668 722 752 797 qu‘am
767 721 799 778 srt
813 729 930 776 ncautus
944 715 983 781 is,
1000 731 1090 789 quem

68 793 144 839 Μ·
217 794 257 853 isti
270 796 377 854 tardum
395 809 498 870 putant.
536 799 563 856 Si
577 800 676 867 enim,
696 798 809 873 inquit,
836 796 993 851 alterutrum
1020 807 1090 849 con·

34 916 41 929 .
218 868 337 929 ee'slero:
357 870 534 931 netellarium
549 871 602 932 effe
617 871 723 932 neeesse
737 875 805 940 crit,
824 887 880 927 cras
887 868 1088 926 Hermachum

69 960 86 1018 9
101 941 199 1001 autdeest
220 958 287 1004 0aut
302 947 413 1018 vivere,
433 961 480 1006 aut
493 968 550 1010 non
565 953 668 1009 vivere.
704 949 776 1007 nulla
791 959 884 1004 autem
899 945 935 1002 eli
950 943 1087 1001 inmatura

67 1009 180 1056 mm·
217 1040 309 1080 rerum
324 1025 382 1081 talis
397 1025 543 1085 neceflitas.
551 1029 626 1085 Cum
640 1028 696 1085 hoc
710 1027 789 1100 igitur
797 1020 930 1081 dialectici
945 1031 1087 1095 pugnent,

215 1099 243 1156 id
259 1100 312 1168 est,
332 1099 487 1159 Antiochus
514 1105 544 1160 ὃ(
566 1103 658 1161 Stoici.
696 1115 784 1159 totam
807 1117 882 1156 enrm
905 1094 1007 1179 evertit¹
1030 1094 1089 1153 dia·

111 1218 142 1266 .t
216 1173 357 1232 leelicam.¹
388 1195 452 1235 nam
475 1177 525 1238 sie
547 1180 687 1237 contrariis
706 1174 852 1246 disiunctio
873 1173 1024 1230 (contrarra
1039 1187 1088 1229 au·

878 1238 884 1248 ι

64 1232 174 1345 {effla}
217 1261 275 1306 tem
289 1269 321 1309 ea
336 1251 416 1320 dico,
437 1252 500 1313 cum
515 1255 630 1313 alterum
644 1256 720 1321 tait,
739 1253 854 1309 alterum
870 1248 964 1322 negat)
985 1243 1008 1302 fi
1030 1248 1090 1307 talis

65 1357 109 1394 vn.
203 1325 361 1400 disjunctio
388 1329 448 1389 falsa
470 1331 557 1405 potest
579 1328 656 1399 effe,
702 1329 774 1387 nulla
796 1343 859 1383 vera
880 1327 926 1384 est.
965 1323 1089 1384 Mecum

170 1405 206 1482 98
219 1401 286 1459 verb
307 1403 373 1477 quid
393 1405 494 1465 habent
513 1409 628 1475 litium,
647 1407 695 1482 qui
715 1404 834 1479 ipsorum
856 1400 1028 1474 disciplinam
1050 1401 1091 1459 le·
1125 1468 1127 1481 Ι

65 1484 194 1591 geaneru-
216 1476 314 1552 quor?
342 1480 413 1538 Ciam
436 1481 536 1558 aliquid
555 1481 713 1559 hujusmodi
735 1479 888 1546 inciderat,
914 1475 951 1533 src
970 1476 1091 1565 eludere

83 1548 161 1594 caeca.
172 1559 205 1606 rr·
218 1553 372 1614 Carneades
385 1556 508 1616 solebat:
530 1559 557 1616 Si
571 1559 644 1617 redde
664 1555 814 1615 rconclulit
830 1574 837 1612 ι
857 1566 950 1611 tenen.
991 1551 1033 1611 srn
1048 1554 1091 1613 vie

66 1604 196 1715 :nemausi
217 1629 309 1697 tiele,
338 1634 443 1691 minam
466 1636 607 1710 Diogenes
627 1632 748 1692 ⁸reddet.
785 1632 819 1689 ab
843 1648 879 1689 eo
893 1630 969 1686 enim
986 1629 1088 1689 Stoico
1125 1630 1127 1639 '

67 1745 79 1778 s
95 1705 188 1779 riddat'
217 1705 388 1765 dialecticam
403 1709 542 1769 didicerat.
580 1712 641 1769 haec
655 1722 748 1766 autem
761 1723 869 1777 ,merces
890 1717 948 1762 erat
962 1702 1091 1765 dialecti-

65 1796 117 1842 atn‘.
183 1784 187 1791 “
217 1797 325 1839 corum.
344 1785 458 1860 tsequor
471 1788 552 1861 igitur
565 1805 609 1844 eas
623 1786 702 1853 vias,
729 1801 794 1858 quas
816 1782 898 1840 didici
922 1780 956 1839 ab
981 1781 1090 1841 Antio·

64 1866 75 1902 t
92 1858 125 1929 ἐξα
136 1857 205 1906 MSS·
218 1856 272 1915 cho
287 1877 293 1914 ε
315 1877 367 1917 nec
382 1862 505 1936 reperi0,
525 1862 673 1938 quomodo
685 1860 827 1936 judicem,
846 1857 873 1916 Si
886 1858 979 1924 lucet,
1000 1856 1087 1928 lucet,

65 1915 201 1983 alassequaa.
217 1950 313 1992 verum
329 1933 397 2003 elle,
418 1937 531 1997 obeam
552 1938 684 2006 eausam,
710 1935 786 2012 quod
807 1936 843 1992 ita
857 1933 957 2001 didici,
978 1949 1086 2005 omne,

214 2009 293 2141 guod
307 2011 393 2085 ipsum
411 2031 445 2070 ex
458 2013 485 2073 se
499 2032 658 2074 connexum
676 2012 707 2071 lit
722 2054 731 2079 ,
758 2029 855 2069 verum
870 2007 922 2067 elle
938 2029 945 2066 :
966 2025 1030 2067 non
1040 2013 1087 2085 ju·

234 2102 306 2144 reem
321 2129 331 2156 ,
351 2088 378 2145 Si
393 2092 515 2150 mentiris
530 2134 539 2160 ,
559 2091 697 2155 mentiris;
719 2088 821 2147 codem
836 2085 924 2144 modo
945 2081 1002 2143 else
1017 2104 1101 2146 con--

156 2225 158 2229 ,
216 2176 330 2221 nerum.
354 2165 432 2225 rAut
445 2166 526 2240 igitur
546 2169 602 2227 hoc
629 2169 659 2224 ὅ(
674 2165 757 2225 illud:
777 2175 824 2223 aut
837 2161 887 2221 nisi
899 2163 981 2231 hoc,
1002 2181 1041 2223 ne
1054 2163 1086 2222 il·

118 2248 131 2263 ·
215 2232 262 2293 lud
277 2239 389 2310 quidem
401 2240 540 2314 judicabo.

64 2312 197 2391 ababucu
253 2313 356 2372 XXXI.
383 2315 472 2385 Sao,
494 2338 542 2376 nr
570 2336 668 2378 omnes
689 2316 752 2375 istos
779 2313 889 2373 aculeos
915 2315 967 2371 v&
989 2310 1084 2377 totum

64 2388 143 2436 mum
154 2381 204 2440 ⁶3¹¹·
215 2390 368 2448 tortuosum
391 2409 478 2465 genus
506 2395 656 2470 disputandi
684 2394 868 2468 relinquamus
894 2389 1084 2450 ostendamus-

214 2482 287 2552 que,
307 2469 354 2541 qui
370 2467 466 2527 fimus:
482 2472 560 2547 jam,
582 2469 713 2545 explicata
726 2467 785 2527 tota
807 2467 954 2525 Carneadis
974 2466 1086 2527 senten·

214 2536 269 2609 tri,
289 2544 424 2602 Antiochi
437 2546 484 2605 ista
507 2562 635 2606 corruent
657 2545 789 2604 universa.
827 2545 889 2600 Nec
911 2538 980 2601 verb
1002 2542 1084 2619 quid·

130 2681 134 2689 ⁸
234 2636 299 2676 uam
320 2621 356 2677 ita
378 2620 493 2694 dicam,
527 2637 558 2682 ut
579 2618 773 2698 qmsipuam·id
793 2618 859 2693 fingi
880 2619 1043 2693 suspicetur:
1065 2617 1082 2689 l

62 2739 79 2774 ι
89 2726 202 2788 mm,
213 2635 392 2755 {litomaclro
406 2696 529 2769 sumam,
549 2701 598 2776 qui
612 2699 694 2774 usque
709 2695 743 2754 ad
755 2690 923 2759 senectutem
940 2713 1006 2753 curn
1017 2696 1085 2754 Carss

62 2791 201 2850 pruseaver.
214 2773 302 2831 neade
317 2775 385 2842 fuit,
404 2774 495 2833 homo
510 2778 539 2832 ὅ(
554 2786 665 2841 acutus,
684 2784 738 2830 ¹ut
753 2773 869 2840 Poenus,
890 2773 919 2829 δι
934 2771 1015 2830 ualde
1028 2770 1082 2831 stu·

65 2852 102 2913 l·
117 2855 192 2902 XXV·
216 2850 305 2908 diosus
331 2868 362 2909 ac
388 2851 509 2926 diligens.
536 2854 566 2908 &
587 2862 716 2925 quattuor
729 2849 787 2923 ejus
800 2849 859 2909 libri
873 2848 933 2906 sunt
947 2847 982 2904 de
998 2847 1082 2905 Susti-

212 2927 308 2986 nendis
322 2924 535 2986 Allensronibus.
573 2928 635 2983 haec
653 2937 769 2993 autem,
789 2941 854 3000 quae
880 2925 938 2997 jam
968 2923 1098 2997 dicam,¹

162 3023 200 3081 99
210 3001 270 3060 sunt
286 3001 392 3077 sumpta
407 3003 556 3078 deprimo.
576 3002 645 3060 Duo
660 3001 748 3076 placet
762 2999 815 3059 elle
829 2997 963 3061 Carneadi
976 3016 1083 3074 genera

210 3079 347 3137 visorum:
368 3081 397 3137 in
413 3097 471 3138 uno
485 3081 556 3139 hanc
573 3076 755 3146 divisronem,
776 3077 839 3135 Alia
852 3077 906 3134 visa
920 3073 992 3145 etse,
1011 3093 1080 3152 quae

209 3157 312 3229 percipi
326 3155 442 3228 poffint:
463 3156 513 3213 alia
530 3172 594 3230 quae
609 3171 668 3213 non
684 3153 799 3227 poffint:
819 3154 848 3211 in
863 3153 1082 3223 alteroautem,

212 3230 276 3288 Alia
291 3231 344 3287 visa
360 3227 413 3288 elle
427 3231 597 3305 probabilia,
628 3230 679 3288 alia
692 3246 750 3288 non
766 3228 921 3304 probabilia.
959 3229 996 3287 ita
1018 3247 1081 3311 ue,

211 3322 276 3380 quae
291 3318 385 3364 contra
410 3306 497 3366 sensus
523 3319 675 3382 contraque
715 3305 914 3380 erspicuitutem
935 3247 1082 3385 dicarbor,

117 3432 129 3447 ,
210 3397 243 3455 ea
256 3383 392 3472 pertinere
406 3382 441 3447 ad
453 3381 622 3465 superiorem
636 3380 690 3444 div'
713 3398 817 3444 onem:
836 3392 932 3456 contra
945 3380 1083 3459 posterio-

1018 3473 1084 3533 lim
