2318 3914
232 126 761 209 Lrnthururus.
852 146 937 217 ²509

53 240 161 314 poterit
181 236 217 297 fic
236 237 334 307 abire,
353 234 419 295 chm
440 235 486 293 hic
506 234 595 306 adfrt,
616 233 676 310 (me
696 247 790 295 autem
810 234 934 317 dicebat)

56 327 154 376 tamen
168 314 276 375 audebo
290 329 318 373 te
331 312 365 372 ab
378 313 432 373 hac
446 312 600 371 Academia
614 329 688 371 nova
702 311 737 371 ad
757 322 881 374 veterem
899 317 932 377 il-

56 388 116 451 lam
130 408 246 452 vocare:
264 392 295 451 in
309 406 364 467 qua
377 400 407 449 ut
421 388 514 449 dicere
527 388 703 449 Antiochum
717 389 928 461 audiebas,non

57 466 78 525 ii
91 467 141 529 soli
155 480 353 539 numerantur,
371 466 421 543 qui
443 464 608 525 Academici
626 477 785 535 vocantur,
805 466 930 544 Speufip-

55 559 132 617 pua,
151 544 346 615 Xenocrates,
364 543 509 611 Polemo,
529 543 672 613 Crantor,
698 542 862 619 ceterique,
882 544 928 605 sed

56 621 141 681 ctiam
155 621 329 697 Peripatetici
342 632 465 689 ueteres,
484 636 605 695 quorum
620 618 746 695 princeps
759 617 930 693 Aristotcles,

54 713 161 773 quem,
181 711 301 773 excepto
322 698 438 756 Platone
456 737 466 765 ,
482 695 556 756 haud
581 693 638 754 scio
659 712 695 753 an
715 691 790 753 redte
812 694 929 756 dixerim

54 774 211 852 principem
224 773 461 850 philosophorum.
499 772 547 833 Ad
562 788 610 831 eos
624 770 706 847 igitur
717 767 867 831 iconverte
880 783 943 842 te,i
955 798 1056 838 eoam

55 850 161 987 flureio.
181 869 216 909 ex
230 868 330 910 eorum
344 850 420 908 enim
435 847 537 924 scriptis
563 850 593 907 ὅ(
615 846 740 906 institutis
753 846 818 905 chm
834 851 926 909 omnis
934 860 985 898 tere
993 853 1062 905 um.

76 926 184 987 ostrina
195 928 326 997 liberalis,
346 928 438 984 omnis
450 925 577 993 historia,
596 924 688 983 omnis
706 922 798 982 senno
820 925 928 1001 elegans

56 1000 128 1063 sumi
142 1003 248 1080 potest,
267 1016 328 1063 tum
351 1002 465 1061 varietas
487 1002 524 1061 est
544 1014 620 1059 tanta
639 1001 762 1069 artium,
789 1012 820 1058 ut
839 1020 927 1063 nemo

56 1076 115 1139 fine
129 1096 165 1139 eo
180 1079 361 1139 instrumento
370 1080 404 1139 ad
419 1077 502 1137 ullam
517 1095 576 1136 rem
590 1075 759 1135 illustriorem
774 1076 833 1135 satis
847 1096 932 1138 orna·

58 1155 103 1215 tus
117 1156 199 1232 poffit
211 1156 352 1215 accedere.
371 1154 458 1214 abhis
471 1165 611 1222 oratores,
630 1153 664 1211 ab
686 1152 726 1211 his
747 1153 927 1228 imperatorer
937 1156 1075 1209 ΜΣΝ·

57 1250 92 1291 ac
106 1250 199 1291 rerum
213 1233 382 1308 publicarum
404 1230 539 1307 principes
560 1230 728 1288 exstiterunt.
766 1240 798 1288 ut
818 1230 853 1288 ad
874 1234 928 1293 nri·

57 1326 129 1368 nora
150 1308 288 1380 veniam,
313 1307 527 1374 mathematici,
545 1312 665 1382 poetae,
684 1304 803 1372 murici,
825 1308 928 1371 medici

57 1386 180 1521 denti&
192 1403 229 1521 fx
243 1386 312 1457 hac,
330 1398 475 1463 tamquam
490 1401 524 1441 ex
538 1382 668 1441 onmium
683 1382 782 1441 artium
796 1382 924 1457 officina,

78 1479 111 1521 ro
169 1480 178 1521 1
204 1472 263 1521 unt.

58 1478 78 1539 p
98 1536 146 1597 Ad
157 1551 222 1673 ἕπε
240 1556 311 1614 ego,
332 1536 388 1596 Scis
401 1554 466 1604 me,
484 1537 616 1612 inquam,
635 1532 704 1592 istud
719 1532 793 1593 idem
808 1533 952 1607 sentire,8

56 1612 138 1675 Pro:
167 1614 202 1673 ed
216 1613 232 1674 'a
246 1629 274 1672 te
289 1612 445 1689 opportuni:
461 1614 568 1671 mentio
583 1610 654 1669 frua
667 1610 714 1669 est.
745 1609 833 1669 studet
847 1616 926 1673 enim

56 1707 139 1749 meus
150 1692 244 1750 audire
258 1690 358 1750 Cicero
374 1732 383 1760 ,
402 1706 533 1766 quaenam
555 1687 585 1746 srt
605 1686 677 1745 istius
699 1688 820 1757 ueteris,
839 1707 926 1765 quarn

55 1783 283 1836 commemoras,
304 1767 466 1825 Academiae
481 1766 516 1825 de
531 1764 627 1823 finibus
647 1762 787 1821 bonorum
818 1764 928 1839 i‘en'pa-

54 1844 263 1920 teticorumque
284 1842 424 1903 sententia.
463 1841 605 1901 censemus
632 1851 726 1918 autem
746 1850 775 1897 te
794 1842 926 1902 facillimd

55 1918 89 1978 id
102 1920 246 1994 explanare
258 1917 351 1993 poss'e,
364 1917 441 1995 quod
456 1922 485 1977 ὃ(
500 1918 617 1977 Staseam
632 1915 847 1991 Neapolitanum
855 1919 927 1977 mul·

56 2007 104 2055 tos
118 2014 206 2055 annos
218 1997 343 2056 habueris
361 1997 434 2071 apud
449 2010 501 2063 te,
522 1998 552 2053 dr
574 1992 728 2067 complures
746 1993 806 2067 jam
820 1993 926 2053 menses

55 2072 177 2133 Athenis
188 2074 249 2131 haec
261 2072 316 2147 ipsa
329 2086 358 2132 te
373 2090 407 2129 ex
421 2072 563 2132 Antiocho
578 2071 704 2129 videmus
717 2070 866 2143 exquirere.
886 2070 924 2129 Et

53 2148 221 2217 trendens,
242 2148 322 2224 nge,
340 2146 408 2223 agd,
428 2150 517 2225 inquit
537 2146 607 2221 (satis
620 2146 694 2203 enirn
709 2144 773 2203 scite
788 2146 926 2206 menustri

53 2227 189 2285 sermonis
201 2226 362 2301 principium
377 2221 430 2283 eise
443 2224 561 2301 voluisti)
582 2238 753 2297 exponamus
767 2222 924 2281 adolescen-

52 2304 96 2371 ti,
114 2302 201 2377 fiqua
216 2300 287 2361 fortd
301 2299 450 2377 possumus.
487 2304 533 2361 dat
554 2300 629 2357 enim
651 2298 679 2357 id
699 2298 777 2357 nubis
796 2300 925 2359 solitudo.

55 2378 136 2455 quod
150 2380 169 2437 si
183 2380 243 2455 quis
255 2378 333 2438 Deus
348 2380 466 2447 diceret,
482 2395 636 2452 numquam
660 2390 783 2451 purarern
798 2418 807 2446 ,
827 2394 874 2433 rne
895 2378 926 2435 in

55 2455 242 2525 Academia,
271 2470 413 2533 tamqnam
446 2454 668 2530 philosophum,
707 2452 926 2526 disputaturum,

59 2531 143 2591 ¹0sed
157 2550 211 2601 ne,
230 2531 298 2590 dum
310 2530 375 2592 huic
391 2531 542 2608 obsequor,
563 2529 639 2588 uobis
653 2528 848 2589 moletiusfim.
868 2530 926 2664 illilu-

915 2647 926 2677 2

55 2774 102 2823 tio.
117 2775 143 2821 dc
153 2785 234 2821 tamen
244 2774 301 2823 rau.
313 2788 412 2830 omnes,
426 2775 511 2835 poteris.
527 2770 591 2820 unde
605 2770 709 2828 fastum,
721 2784 746 2819 ut
758 2771 927 2822 camerariam

55 2838 204 2949 repdacl'enret
215 2839 297 2945 56&st
304 2841 352 2885 irinc
361 2841 406 2889 dac.
423 2856 463 2883 »ron
472 2839 556 2899 porcn's.
574 2835 612 2884 i'ed
623 2836 754 2891 illudimur,
769 2836 795 2883 in
810 2834 877 2882 nullo
891 2834 925 2884 est

54 2916 90 2948 no
111 2914 198 2949 rorum.
252 2916 316 2950 rurer.

92 2978 128 3012 10.
144 2965 188 3010 Sed
199 2980 237 3018 ne,
252 2964 305 3009 dum
314 2966 364 3009 baie
372 2963 489 3026 obsequen]
503 2961 547 3009 Vel
559 2956 795 3022 subintelligendum,
812 2960 877 3014 vide,
888 2956 927 3009 seu

56 3027 187 3082 verendum,
204 3023 241 3073 seu
252 3024 341 3088 aliquid
351 3026 414 3079 tale,
428 3027 465 3075 vel
486 3022 680 3076 adscribendum,
702 3033 727 3068 ur
738 3021 751 3067 ὲ
762 3018 857 3068 librario
867 3037 926 3085 prz-

55 3087 195 3138 termiffum.
228 3086 260 3136 fic
273 3103 352 3138 aurem
369 3089 445 3136 Greci
459 3087 517 3151 sape
533 3087 601 3149 loqui
614 3083 699 3134 solent.
729 3094 754 3131 ut
770 3083 833 3147 apud
844 3086 927 3134 Plato·

58 3164 116 3198 nem
126 3152 166 3201 lib.
178 3167 198 3202 1.
214 3150 244 3199 de
254 3156 314 3215 Rep.
341 3153 399 3199 Εἰπέ
416 3170 441 3199 cr
458 3154 495 3203 uir
511 3140 564 3198 eim
579 3148 607 3199 cri
622 3150 728 3201 ditarer,
755 3165 794 3195 aar
810 3148 867 3201 uror
881 3167 925 3209 μοι

60 3214 94 3271 pi
109 3212 159 3271 itai:
174 3215 210 3264 'aar
225 3215 253 3264 cd
268 3219 313 3263 διον
328 3215 383 3264 icta.
416 3212 440 3261 id
456 3211 507 3270 est,
525 3215 568 3260 uic
584 3213 639 3273 quid
654 3210 754 3269 efflueret
770 3210 807 3271 fi}
816 3214 863 3269 jur,
895 3214 924 3265 dy

59 3288 86 3323 ut
100 3292 125 3320 ne
137 3280 192 3323 mihi
201 3280 260 3324 dicas
269 3279 307 3339 ste
317 3279 342 3325 id
353 3278 411 3342 quod
428 3289 511 3339 oportet.
538 3273 571 3321 est
581 3274 645 3322 enim
662 3274 763 3335 intrudat
779 3273 858 3322 Attica
873 3307 881 3330 ‚
897 3277 924 3325 δι

59 3336 176 3388 iubinteil.
193 3344 288 3397 caino,
304 3336 355 3390 ¹vel
373 3340 427 3393 ira,
444 3338 481 3386 vel
494 3337 583 3400 aliquid
594 3335 721 3385 aliudtalc.
751 3338 850 3386 Lamus».
883 3340 927 3387 Sed

55 3404 151 3448 nedum
166 3404 342 3466 huiecbscquor.]
377 3402 506 3451 Lambinus
527 3398 683 3518 interfusum
704 3400 743 3459 sed
766 3401 883 3446 verendam
897 3418 925 3448 na

596 3475 652 3519 Giissi
661 3460 719 3515 ‘diti
728 3461 776 3517 Alii,
805 3465 895 3510 Gruter.

55 3467 118 3522 dam.
135 3464 422 3529 qumhadtoettrut.
432 3478 511 3531 neque
522 3478 586 3529 anau
845 3538 871 3575 u
896 3528 925 3575 ι’
