2318 3914
192 183 273 249 2402
390 162 561 255 Del-“rm
582 161 684 235 Bon.
705 181 759 229 nr
781 163 893 231 Msn.
1006 176 1032 231 ‘e

148 305 184 362 70
229 278 321 340 XXII.
340 280 396 339 Ατ
417 298 545 341 unosr
565 281 698 359 Epicurus
712 282 779 357 (hoc
793 280 870 341 enim
883 281 1006 343 vestrum
1019 283 1061 344 lua

191 373 259 416 men
273 357 322 432 est)
341 375 528 436 quemquam,
548 361 598 435 qui
611 357 724 418 homile
744 376 802 418 non
824 360 917 430 vivat,
932 360 1062 436 jucunde

191 432 268 510 poffe
281 435 384 494 vivere.
420 435 496 512 quali
515 451 569 510 ego
589 434 619 494 id
631 452 726 495 curem
743 479 752 506 ‚
771 435 838 512 quid
857 435 902 494 ille
921 438 992 513 ajat,
1013 449 1063 498 aut

191 520 284 586 neget.
309 509 375 571 illud
391 530 488 589 quaero
497 555 505 581 ,
514 512 581 587 quid
596 512 621 569 ei
630 546 641 579 ,·
658 514 747 589 quiin
761 512 903 586 voluptate
916 513 1061 575 summum

44 595 155 672 gponnt¹
191 587 298 647 bonum
311 599 411 665 sputat
422 631 432 660 ,
452 579 667 648 consentaneum
687 587 719 647 fit
740 588 838 647 dicere.
858 590 936 663 Quid
962 591 1061 663 affers,

43 661 100 730 us..
112 660 154 705 ’ἰν
192 672 220 718 9¹
231 681 279 722 cur
293 664 433 734 Thorius,
452 665 621 733 Postumius,
641 681 689 722 cur
702 674 731 719 9²
744 665 846 732 Chius,
865 682 913 722 cur
928 669 1061 728 omnium

9 755 12 763 ·
44 732 120 782 ⁹⁰⁰¹³¹
151 754 154 758 ·
192 740 294 799 homm
309 742 453 816 magister,
469 742 644 808 Orata,non
653 738 847 816 jucundissimd
859 743 979 801 vixerit?
1000 743 1059 820 lpse

190 829 290 891 negat,
310 830 341 875 ut
354 815 416 875 ante
431 817 511 887 dixi,
529 816 729 876 luxuriosorum
750 819 836 875 vitam
853 819 1057 892 reprehenden·
1099 843 1103 852 ·

79 909 105 957 r.
119 909 145 957 n.
192 891 276 961 dam,
295 893 344 952 nifi
358 891 437 967 plane
452 894 521 954 fatui
534 891 601 962 lint,
621 892 717 964 idest,
735 893 785 952 mii
799 904 846 951 aut
859 895 990 968 cupiant,
1009 907 1056 954 aut

191 981 325 1027 metuant.
363 986 480 1045 quarum
508 969 650 1028 ambarum
675 986 766 1027 rerum
801 969 866 1028 cum
888 969 1053 1030 medicinam

189 1045 351 1119 pollicetur,
370 1047 484 1104 luxuriae
499 1045 637 1105 licentiam
653 1045 804 1121 pollicetur.
823 1055 852 1098 9³
861 1046 902 1103 his
915 1047 994 1106 enim
1015 1064 1059 1106 re·

190 1121 239 1179 bus
259 1120 382 1201 detraciis
397 1164 406 1190 ,
424 1133 508 1198 negat
520 1120 546 1180 se
559 1123 677 1199 reperire
695 1122 725 1180 in
747 1121 887 1180 asotorum
908 1122 964 1181 vita
979 1123 1057 1200 quod

191 1197 379 1271 reprehendat.
543 1203 544 1207 ’
750 1247 753 1251 ,

146 1295 180 1352 71
229 1273 298 1359 Non
313 1275 402 1348 igitur.
413 1273 540 1350 potestis,
553 1273 694 1351 voluptate
714 1275 809 1333 omnia
826 1273 990 1350 dirigentes,
1009 1287 1056 1337 aut

190 1360 279 1418 tueri,
312 1363 364 1408 nur
383 1353 498 1415 retinere
517 1353 657 1411 virtutem.
695 1369 761 1410 nam
776 1367 829 1409 nec
850 1352 890 1410 vir
912 1352 1057 1412 bonusne

186 1425 272 1502 justus
284 1426 376 1485 haberi
390 1426 487 1497 debet,
507 1429 571 1502 qui,
590 1445 627 1486 ne
641 1428 745 1487 malum
760 1427 877 1497 habeat,
894 1427 1011 1488 abstinet
1029 1429 1057 1488 se

192 1501 226 1561 ab
239 1502 343 1587 injuria.
381 1502 451 1562 nosti
465 1507 548 1563 credo
562 1503 644 1565 illud:
1043 1494 1059 1508 ‘

517 1616 520 1621 ,
957 1588 1052 1642 ’slie-

217 1825 255 1864 91.
273 1818 314 1860 Car
325 1815 428 1868 Thorius,
445 1812 577 1873 Postumius,
593 1814 690 1867 (errius,
707 1828 743 1859 eur
755 1809 956 1872 omniummagister
966 1815 1052 1868 oram]

187 1876 249 1927 Huic
258 1874 314 1922 loco
325 1876 414 1923 stellula
427 1875 551 1924 inAldinis
561 1873 666 1941 appofita
676 1873 722 1931 est,
739 1876 816 1936 putavi
830 1886 910 1929 autem
920 1872 1049 1936 aliqnando

97 1941 106 1946 ''
185 1937 317 1991 commodo
329 1940 413 2001 corrigi
423 1936 501 2001 poffe,
515 1936 533 1986 fi
545 1953 588 2002 pro
600 1940 698 1986 curcbr'us
709 1937 823 2046 lefferetur
835 1934 1010 2000 orchius‚quod
1018 1933 1051 1985 est

185 1998 282 2048 familia
293 2004 409 2049 Romane
419 2015 509 2049 nomen
525 1998 579 2049 satis
588 2013 672 2048 norum
686 2015 693 2046 ε
708 1997 730 2048 se
757 1999 828 2046 incidi
839 1999 920 2061 pollen
931 1999 957 2047 in
968 2012 1051 2047 manu·

185 2063 296 2127 scriptum
306 2063 405 2119 librum,
421 2066 462 2127 qui
472 2064 566 2111 haberet
578 2080 615 2111 cur
629 2066 721 2118 Μίνω,
737 2060 799 2109 unde
812 2060 973 2119 codicilorum
987 2060 1048 2118 feei,

184 2142 223 2174 cur
233 2133 256 2176 c,
268 2130 347 2174 Hirrus
357 2127 478 2174 emendari
488 2125 578 2176 debere.
601 2129 630 2174 C.
647 2127 711 2172 enirn
727 2125 807 2174 Hirrus
823 2136 974 2173 murenarum
985 2124 1050 2172 viue-

184 2190 245 2237 rium
256 2190 344 2252 primus
354 2189 510 2251 excogitavit,
526 2200 550 2234 ut
561 2187 636 2236 lcribit
647 2192 721 2235 varro
731 2187 770 2235 lib.
780 2199 824 2234 rrr.
853 2186 881 2233 de
894 2191 931 2235 Re
940 2185 1008 2235 aust.
1022 2187 1048 2235 δι

185 2252 273 2298 Plinius
283 2249 385 2298 librom.
403 2265 452 2313 cap.
459 2269 483 2310 4.
497 2250 570 2309 vrstn.
613 2257 654 2297 Cur
675 2252 777 2305 Thorius,
786 2248 927 2307 'Postumim
940 2250 1048 2295 cuers'us

164 2320 166 2325 ’
183 2315 240 2372 dnn]
254 2319 290 2361 lta
301 2328 384 2361 onmes
395 2313 464 2369 editi,
480 2327 557 2374 neque
568 2311 654 2361 recedit
666 2312 712 2379 l’al.
726 2328 759 2376 pr.
772 2314 844 2374 quim
857 2325 919 2359 trans
950 2307 1046 2358 diuvo-

183 2390 238 2425 cum
252 2408 259 2429 ‚
274 2392 312 2423 cur
321 2380 431 2433 Thorius,
448 2392 486 2422 cur
496 2379 557 2422 clius
568 2374 693 2434 Postumius.
714 2376 784 2423 ceteri
795 2373 868 2422 nostri
939 2370 1046 2422 infidum

183 2440 297 2503 scriptume
308 2441 420 2503 vulgate,
436 2437 478 2485 nili
490 2437 555 2499 quod
571 2452 630 2485 unus
641 2451 711 2497 aeque
726 2438 785 2485 alter
796 2470 802 2491 ,
819 2441 920 2484 carellus
928 2436 994 2485 unite
1003 2450 1047 2484 vo·

183 2516 220 2551 ce.
235 2501 357 2551 videantur
366 2503 417 2551 aliae
428 2501 541 2548 lediones
551 2501 575 2548 in
586 2501 658 2549 Notis
668 2501 742 2548 Fulvii
754 2498 837 2547 Ursini.
855 2501 956 2563 Scaliger
971 2512 1047 2547 anno·

182 2565 243 2613 ravit
252 2565 310 2613 alias
319 2565 366 2630 legi
378 2569 468 2612 clireus.
482 2561 577 2624 ipseque
587 2561 714 2619 substituit,
729 2581 766 2611 cur
775 2565 879 2617 Thorius,
893 2580 931 2609 cur
940 2566 1047 2610 allicias

181 2627 315 2689 insanius,
331 2628 370 2690 qui
380 2627 468 2690 primus
479 2640 627 2673 murenarum
638 2626 751 2674 vivarium
760 2626 917 2688 excogitavit,
932 2624 991 2674 telle
1002 2626 1046 2673 Pii·

181 2687 572 2756 niolib.1x.Nat.l·iist.cap.55.
605 2693 692 2736 Gruter.
1049 2692 1052 2699 '

181 2773 184 2779 ·
213 2768 250 2808 μ.
267 2759 308 2799 cur
319 2757 399 2810 chius]
431 2753 533 2814 Appolui
548 2764 645 2806 noram,
662 2764 732 2812 quarn
748 2748 777 2796 ad
794 2749 892 2796 mendas
909 2748 1044 2798 indicandas

181 2814 326 2865 consuetudo
337 2818 384 2871 jain
395 2816 488 2875 recepit.
521 2815 636 2876 Antiquos
648 2812 706 2860 liber
718 2813 775 2859 nihil
787 2825 861 2859 murm
873 2831 881 2868 ,
904 2812 1000 2861 historin
1010 2815 1046 2861 ni-

183 2879 238 2934 lsil,
253 2893 299 2944 ego
321 2878 416 2942 quidem
436 2875 684 2939 quodmeminerim,
710 2873 845 2937 luppedirat.
874 2889 977 2938 quotuor
989 2889 1046 2940 puro

184 2943 241 2989 colli
260 2942 420 3004 illpicureos‚
437 2945 464 2987 L.
483 2938 616 2994 Thorium,
638 2938 736 2986 Balbum
755 2937 929 2992 Lanuvinum,
955 2938 985 2986 de
999 2953 1045 3002 quo

184 3019 294 3069 proxime
308 3005 370 3053 fasta
385 3004 477 3050 mentio
493 3003 542 3058 elt,
570 3001 731 3056 Postumium,
745 3015 813 3062 quem
829 3001 982 3062 ignoramus3
997 3010 1045 3050 Cu·

183 3066 244 3117 rium
254 3067 324 3114 tertio
335 3070 389 3114 loco
400 3063 417 3112 sl
429 3064 690 3127 ponamus(nectamen
702 3062 794 3112 surius}
807 3069 847 3108 eur
858 3068 920 3110 chius
931 3063 1046 3128 loripedi·

181 3130 239 3191 ilat)
253 3143 307 3177 eum
321 3128 366 3177 ess'e
382 3127 503 3184 dicemus,
534 3127 563 3175 de
577 3142 624 3190 quo
641 3127 741 3191 legimus
755 3129 780 3174 ln
796 3126 898 3175 Pediano
909 3125 1045 3176 verriculum

182 3194 253 3241 illum
265 3193 347 3239 Calvi:

320 3260 349 3300 Er
364 3256 414 3300 ralis
431 3259 506 3302 Curius
519 3255 656 3314 pereruditus.

181 3318 213 3368 c.
224 3332 281 3367 vero
291 3320 380 3379 Sergius
392 3324 458 3363 orara
469 3317 603 3366 nominatur
613 3316 627 3365 l
638 3316 753 3364 Cicerone
762 3313 803 3362 lib.
811 3326 857 3362 ιιι.
873 3308 922 3365 Off.
936 3315 962 3365 δι
975 3313 1045 3363 vele·

151 3382 155 3391 '
181 3381 311 3431 riolibmx.
327 3395 421 3442 capse·
455 3384 578 3429 &Manus
852 3384 854 3389 ·

213 3458 251 3499 93.
270 3448 310 3490 His
321 3449 376 3488 enim
386 3445 445 3491 redut
454 3445 573 3498 detrudis]
586 3446 639 3492 Vox
649 3442 707 3491 rebus
717 3453 767 3490 non
782 3437 815 3492 est
825 3440 852 3490 in
866 3439 1027 3505 musenim
1037 3472 1046 3496 ,

178 3504 499 3573 nequevidctucneeeiliuia.
528 3505 602 3564 vnis.
1004 3571 1028 3616 N

856 3624 860 3629 ,
958 3581 991 3629 24
1026 3582 1047 3615 ί·
