2318 3914
235 149 316 212 2422
432 127 496 192 Dr
519 127 608 193 Fra.
630 127 731 192 Bou.
752 142 804 190 ar
824 123 941 189 Mar.

127 231 201 292 Heu·
235 243 319 299 etiam
335 237 466 299 desideria
480 241 618 300 videmus.
658 240 734 315 E1go
748 241 777 297 in
791 236 878 296 besliis
894 244 975 293 erunt
987 231 1114 293 secretas

83 301 214 355 mm
236 316 377 392 voluptate
392 319 577 377 humanarum
593 317 724 394 quaedam
750 314 890 373 simulacra
912 312 1114 371 virtutumtin

234 393 295 467 iplis
309 394 468 453 hominibus
483 397 585 461 virtus,
605 393 655 452 nifi
670 393 816 468 voluptatis
831 387 928 477 causa,
946 388 1023 445 nulla
1046 385 1114 445 eritl

223 471 267 527 ·&
282 468 410 537 homini,
430 473 478 547 qui
499 472 596 529 ceteris
616 471 800 529 animantibus
819 468 968 542 plurimum
990 463 1117 540 praestat,
1146 482 1149 495 ¹

238 547 372 620 praecipui
389 545 406 604 ‘a
420 560 517 605 natura
530 546 598 605 nihil
612 546 707 606 datum
721 544 776 603 elle
791 540 936 603 dicemus?

175 641 225 687 ιιι
275 622 409 680 XXXIV.
429 625 504 682 Nos
526 621 652 692 verto,
681 622 699 680 fi
725 622 838 698 quidem
853 622 881 679 in
897 618 1044 693 voluptate
1059 617 1117 676 sunt

238 701 351 767 omnia,
380 699 464 775 longe
492 700 669 775 multumque
683 700 841 772 superamur
855 697 872 754 l
885 694 973 753 bestiis
989 714 996 753 :
1019 695 1116 770 quibus

238 774 292 849 ipsa
307 788 377 833 terra
390 776 478 835 fundit
492 795 526 833 ex
543 775 596 833 sese
613 777 699 850 pallus
723 776 813 832 varios
828 771 958 848 varieque
971 771 1117 858 abundan-

237 863 278 908 tes
293 853 360 909 nihil
375 852 572 911 laborantibus:
594 852 673 910 nobis
689 865 782 908 autem
797 862 844 909 aut
872 851 920 906 vix
947 860 994 906 aut
1015 864 1115 906 neura

238 926 352 1002 quidem
381 929 525 1002 suppetunt
550 928 640 987 multo
654 927 747 986 labore
770 924 979 1003 quaerentibus·
1001 940 1057 981 nec
1077 935 1116 981 ta·

238 1019 305 1059 men
320 1004 376 1061 ullo
392 1004 479 1062 modo
500 1005 641 1062 summum
674 1002 785 1078 pecudis
806 1003 913 1060 bonum
940 1000 1115 1058 &hominis

236 1078 312 1136 idem
328 1081 395 1136 milii
411 1080 496 1139 rideri
510 1082 607 1155 potest.
645 1082 710 1155 quid
726 1081 801 1137 enim
815 1090 894 1136 tanto
920 1092 998 1162 opus·
1014 1076 1054 1133 est
1073 1077 1114 1134 in-

237 1154 389 1213 strumento
409 1156 438 1213 in
458 1159 570 1231 optimis
586 1158 687 1214 artibus
707 1154 922 1230 comparandis,
949 1151 1020 1226 quid
1034 1163 1111 1210 tanto

239 1232 374 1287 concursu
394 1231 644 1291 honertiffimorum
667 1232 845 1299 lludiorutn,
871 1239 950 1286 tanto
976 1228 1113 1286 virtutum

239 1308 390 1375 comitatu,
411 1308 430 1364 fi
446 1327 478 1366 ea
493 1310 595 1368 nullam
611 1310 646 1367 ad
663 1308 744 1366 aliam
774 1325 834 1365 rem
860 1303 910 1364 nisi
928 1302 965 1363 ad
988 1304 1116 1380 volupta-

240 1392 298 1439 tem
315 1398 514 1459 conqurruntur
530 1385 542 1443 ἓ

179 1486 232 1529 112
281 1460 338 1525 Ut,
360 1460 378 1515 li
393 1462 511 1530 Xerxes,
532 1462 597 1519 ciam
618 1463 699 1520 tantis
723 1460 842 1519 claffibus
868 1459 1007 1534 tantisque
1028 1474 1114 1533 eque·

244 1534 336 1592 stribus
363 1537 406 1593 -de
440 1537 603 1611 pedestribus
638 1539 755 1611 copiis,
787 1535 971 1608 Hellesponto
998 1534 1113 1609 tuneo,

94 1616 210 1665 ellatur.
245 1611 400 1684 tattoque
417 1612 561 1687 perfosso,
589 1625 619 1668 4ο
628 1616 711 1672 maria
738 1610 924 1671 ambulavisset
957 1624 1057 1669 terram
1078 1627 1113 1667 ue

94 1681 170 1753 {ml-
244 1685 407 1759 navigasset,
427 1689 525 1747 licirm
547 1704 625 1749 tanto
648 1693 754 1764 impetu
775 1691 802 1747 in
826 1689 966 1746 Graeciam
984 1628 1114 1755 renidet,

94 1746 159 1849 ‘3112‘
247 1763 352 1819 cautim
371 1766 427 1837 ejus
448 1768 507 1840 quis
530 1785 564 1824 ex
587 1786 622 1824 co
645 1777 781 1842 quaereret
812 1776 949 1823 tantarum
972 1764 1110 1837 copiarum

93 1818 201 1912 mpne.
246 1840 369 1915 tantique
385 1840 462 1908 belli,
483 1843 539 1900 mel
552 1843 577 1899 se
593 1843 604 1885 f
609 1845 714 1900 auferre
729 1861 761 1899 err
778 1844 919 1915 Hymetto
936 1834 1045 1897 voluisse
1066 1838 1109 1911 di-¹

95 1926 110 1973 f
122 1930 215 1973 narra-
245 1927 339 1982 ccret,
360 1916 433 1974 certi
448 1918 503 1974 line
518 1919 594 1975 causa
609 1918 746 1976 videretur·
759 1931 835 1976 tanta
849 1929 964 1989 conatus
979 1934 987 1971 a
1004 1913 1038 1971 sic
1057 1932 1109 1972 nos

95 2003 141 2057 nus.
158 1992 202 2038 atri
246 1990 421 2064 sapientem,
442 1995 563 2067 plurimis
579 1998 607 2051 δι
622 1995 779 2068 gracillimis
800 1995 897 2051 artibus
924 2006 1009 2067 atque
1030 1991 1113 2048 uirtu-

96 2051 185 2102 astffl‘*
246 2067 316 2124 tibus
340 2069 497 2126 inssruslum
526 2072 555 2128 &
585 2083 711 2127 ornatum
729 2113 736 2138 ,
757 2089 815 2127 non
832 2113 840 2136 ,
860 2082 889 2125 ut
903 2069 982 2127 illum
1004 2110 1012 2135 ,
1033 2069 1115 2126 maria

246 2143 359 2216 pedibus
374 2160 581 2220 peragrantem,
603 2146 722 2203 clarinus
737 2159 845 2203 montes
862 2188 870 2212 ,
896 2142 943 2201 sed
958 2161 1047 2209 omne
1062 2161 1115 2203 caev.

248 2219 307 2275 lum
335 2233 480 2296 totamque
502 2240 566 2280 cum
583 2222 708 2279 universo
724 2223 792 2279 mari
805 2234 904 2285 terram
919 2232 1016 2278 mente
1036 2237 1115 2283 corn·‚

174 2354 178 2359 ,
246 2294 377 2366 plcxum,
397 2300 567 2371 voluptatem
581 2311 675 2372 petere
689 2297 708 2354 fi
722 2299 861 2364 dicemus,
882 2297 969 2355 mellis
983 2294 1064 2353 caula
1076 2296 1116 2354 di·

247 2386 343 2428 cemus
357 2385 432 2429 tanta
444 2375 583 2431 molitum.
629 2424 635 2437 .

186 2476 237 2534 113
285 2445 332 2503 Ad
346 2447 440 2505 altiora
463 2450 593 2525 quaedam
621 2448 916 2524 &magnificentiora
938 2448 1009 2507 inihi
1023 2448 1116 2518 crede,

99 2564 181 2629 μω
204 2520 410 2615 ui„sl'orquatffi
429 2529 486 2586 nati
498 2526 605 2587 sumus:
626 2545 678 2585 nec
693 2527 720 2585 id
736 2526 869 2585 exanimi
884 2523 971 2582 soliun
988 2524 1117 2599 partibus,

99 2636 155 2677 dem
166 2581 212 2677 M}
246 2615 274 2655 m
318 2598 395 2656 uibus
415 2601 481 2661 inest
502 2604 639 2662 memoria
659 2621 751 2661 rerum
771 2601 1116 2661 innumerabiliumssvitae

100 2617 361 2748 &afflquidem
376 2676 497 2746 infinita,
518 2680 585 2736 inest
606 2678 764 2753 conjedlura
784 2678 1036 2754 consequentium,
1057 2697 1116 2737 non

104 2752 107 2757 '
131 2760 155 2811 ι.
177 2765 203 2814 ι.
248 2750 366 2808 multllm
381 2750 397 2808 ‘a
412 2752 724 2814 divinationediffcrens
742 2797 750 2821 ‚
770 2755 837 2812 inest
857 2753 1019 2812 moderator
1040 2757 1117 2830 cupi·

247 2825 336 2886 ditatis
350 2827 456 2903 pudor,
476 2831 543 2890 inest
557 2831 591 2890 ad
605 2833 755 2890 humanam
778 2829 937 2891 societatem
956 2831 1071 2907 jullitiae
1085 2830 1116 2888 si·

1082 2908 1117 2981 dr

248 3099 299 3192 gam
308 3085 410 3131 videmus
422 3099 431 3130 t
451 3086 591 3136 recentiores
607 3083 685 3149 primo
702 3084 774 3134 verbo
784 3097 877 3135 retento
887 3083 1026 3133 deleverunt
1037 3080 1117 3133 secuu-

268 3161 315 3195 um.
347 3151 434 3196 Gruter.
1027 3170 1037 3179 ·

279 3225 319 3265 4ο,
338 3213 414 3255 Maria
435 3211 582 3271 ambulavisset
597 3225 715 3274 terramque
726 3211 867 3273 neuwen]
882 3207 995 3258 isocrates
1007 3208 1033 3256 in
1047 3212 1120 3257 Pane·

250 3274 332 3349 gyrico
349 3288 355 3317 :
371 3264 425 3322 sisse
442 3273 480 3332 τῷ
494 3277 628 3331 ementito
646 3277 745 3322 satiant
762 3280 803 3320 nti
819 3276 858 3331 dte*
879 3274 918 3323 ‘trie
933 3272 1021 3328 insipat,
1037 3270 1120 3319 nteri-

251 3352 291 3380 σαι
307 3340 329 3381 dr
345 3336 381 3381 sti
397 3335 436 3385 τις
453 3336 598 3390 balciam,
616 3340 654 3383 air
674 3337 717 3389 μὶν
732 3336 899 3384 Ε’λιέσπιιτιν
919 3333 1022 3395 {²va
1040 3338 1079 3382 τὸν
1095 3336 1118 3381 di

250 3396 320 3444 A'un
334 3397 442 3458 ὃκρύξιε,
476 3400 528 3446 Huc
550 3398 648 3460 respexit
666 3399 784 3447 Lucretius
801 3397 842 3450 lib.
856 3411 901 3445 ιιι.
928 3399 1066 3459 slsequque
1081 3396 1123 3457 ipse

249 3462 312 3533 piam
327 3462 367 3524 qni
380 3459 486 3522 qondam
497 3473 536 3524 per
552 3477 611 3509 mare
625 3476 725 3524 magnum
737 3465 832 3513 stravo.
855 3457 963 3511 Dubium
977 3472 1062 3509 autem
1072 3472 1122 3507 nou

1076 3520 1123 3581 cll,
