2318 3914
195 117 396 185 bruun
439 123 748 206 Qunnrun
855 137 933 210 2311

57 229 118 298 en,
136 224 190 286 tale
204 239 327 294 verum,
353 226 433 304 quale
454 225 551 291 falsum
573 223 625 286 effe
644 243 705 284 non
724 227 812 303 poffit.
849 232 927 291 Nihil

58 301 202 380 eiusmodi
215 301 339 360 invenio.
377 315 403 356 4¹
414 305 505 379 itaque
518 303 548 360 in
562 304 721 377 cognitione
744 307 875 366 nimirum
890 308 930 367 as·
1100 366 1105 373 ,

60 380 177 449 sentiat,
195 374 293 444 idest,
313 379 457 456 opinabor.
476 379 532 439 hoc
546 380 614 439 mihi
637 380 665 436 δι
686 379 880 454 Peripatetici,
897 387 928 444 δε
968 385 999 435 n
1013 386 1042 436 a.

62 467 144 514 vetus
159 453 312 514 Academia
334 454 485 513 concedit:
511 472 562 513 vos
585 456 710 528 negaris,
731 456 885 529 Antiochus
898 462 929 521 in

62 533 181 608 primis:
200 531 248 610 qui
263 545 310 587 me
325 531 404 592 valde
424 544 544 599 movet;
566 530 611 590 vel
630 529 706 606 quod
728 537 819 593 amavi
838 536 930 596 homi·

846 629 929 684 nem,

61 759 97 811 sre
108 776 163 810 cont
172 759 344 826 antiquioribus
355 760 401 809 illis
410 772 576 826 comparat‚ut
586 773 667 823 parem
677 757 724 810 else
732 761 803 819 veliti
819 774 845 812 ot
852 777 930 827 neque

66 824 109 873 lib.
125 840 159 874 ιν.
181 827 234 874 din.
252 826 277 872 in
297 823 452 873 dilatatione
476 839 531 873 cum
550 829 664 880 catone,
690 838 745 873 cum
766 826 811 873 bos
830 826 928 881 eosdem

62 901 163 944 omues,
181 903 242 950 quos
259 887 300 936 hic
323 839 425 934 cicentes
445 885 502 935 facit
524 888 608 934 nolisve
630 887 724 933 omnibus
743 882 769 940 ἅ
787 890 874 936 Platoni
888 891 927 953 iffi

64 951 204 1011 nescioquem
221 952 259 996 illi
272 951 423 1013 anteponam?
442 952 467 998 δι
482 950 537 998 illos
554 950 731 1011 comparatione
747 953 852 1000 zenonis
866 955 929 1002 anti·

65 1007 129 1074 quo's
140 1015 165 1061 δι
176 1010 300 1075 superiores
314 1026 327 1059 a
346 1012 424 1075 pellat.
459 1011 519 1060 adde
535 1011 601 1075 quod
612 1013 695 1060 Stoicis
712 1012 782 1069 objici
792 1014 856 1064 idem
872 1015 929 1065 soli-

65 1089 119 1122 tum
132 1091 145 1122 s
157 1076 318 1146 Gracinosten
337 1077 362 1124 it.
395 1075 469 1122 etiam
486 1079 600 1123 lucianus
618 1075 642 1121 in
659 1075 720 1123 libro
733 1075 763 1124 de
775 1079 855 1127 Sentis.
888 1079 928 1128 ubi

66 1140 158 1194 lecum,
175 1135 318 1186 litationem
329 1138 462 1186 Stoicorum
473 1136 536 1201 sequi
546 1137 569 1186 se
585 1138 688 1194 diceret,
703 1139 827 1190 Platonem
838 1143 863 1191 δι
875 1144 931 1191 Ari·
990 1152 991 1156 ’

66 1199 176 1249 stotelem
188 1192 276 1250 inducit
287 1202 489 1264 loquentes‚item
499 1213 524 1248 ut
537 1215 591 1248 cum
602 1204 696 1248 Catone
705 1202 929 1261 Ciceronianam

67 1261 186 1316 Anniani
198 1264 271 1313 natan
288 1265 364 1313 iulos
380 1264 438 1310 noni
454 1265 566 1315 πιςέυσιιι
580 1266 709 1319 Χρύσιππον
724 1266 762 1314 asti
778 1269 862 1315 alnon
878 1285 930 1329 arpa·
993 1312 997 1319 ,

67 1318 167 1387 n'ipttm
181 1323 234 1379 inii
248 1325 400 1383 npnssonipor
416 1329 485 1373 aveni
499 1324 621 1383 παραπολι)
643 1326 696 1386 pbr:
712 1328 750 1375 nai
768 1328 821 1384 repul
837 1331 939 1388 priapi-⁴

54 1398 109 1439 'sen
141 1402 188 1436 vox
199 1387 269 1451 igitur
281 1391 338 1435 nihil
348 1387 407 1444 bie,
423 1386 514 1435 utidixi
527 1422 534 1445 ,
549 1387 605 1436 letti
614 1384 663 1435 n'on
675 1388 757 1460 potest.
790 1389 849 1439 mibi
859 1396 931 1440 mim

65 1450 109 1514 qui
119 1451 232 1498 dicatura
250 1453 309 1500 tius?
325 1450 390 1514 quali
401 1451 486 1499 Cicero
497 1448 539 1498 fibi
549 1452 588 1499 uni
600 1449 751 1514 posteriorem
760 1453 829 1502 illum
840 1455 885 1504 eil'e
894 1455 932 1504 di·

66 1526 118 1569 ent,
134 1528 189 1562 cum
204 1467 298 1562 briona
314 1513 339 1561 in
357 1513 437 1577 medio
452 1511 528 1576 pofira
548 1528 612 1575 atque
632 1526 710 1576 pateat
724 1516 841 1566 omnibus.
874 1533 931 1568 narn

66 1575 212 1624 minares-dici
223 1575 360 1640 polleriores
371 1591 421 1624 non
432 1575 507 1623 solum
518 1590 548 1623 ex
559 1577 601 1633 iis,
616 1589 667 1639 que
676 1575 777 1626 diximus
790 1613 798 1634 ‚
814 1592 929 1642 apertum,

67 1626 108 1688 sed
119 1634 150 1688 ex
160 1637 276 1702 frequenti
286 1637 326 1685 usu
338 1639 423 1702 linguae
433 1642 485 1686 Lat.
497 1636 528 1686 fic
538 1640 608 1685 minor
619 1638 757 1697 Africanus,
771 1645 841 1689 minor
857 1651 930 1704 cyrus,
941 1650 943 1661 '

68 1705 140 1763 major
151 1701 365 1761 Africanunmajor
376 1708 423 1749 ento
433 1699 523 1750 dicitur.
539 1711 564 1748 ut
576 1701 636 1766 apud
647 1705 771 1751 Matonem
781 1704 863 1770 legissi.
879 1722 931 1756 non

67 1761 142 1814 semel
152 1781 205 1827 nanc
210 1763 276 1823 fama
284 1767 375 1812 minares
386 1766 476 1811 ltaliam
487 1763 571 1824 dixiffe.
601 1761 729 1874 otiidpotest
744 1767 816 1815 etiam
828 1769 930 1844 intelligi

63 1825 159 1876 dietum
169 1826 259 1891 praecise
271 1831 354 1882 minor,
370 1840 414 1890 pro
428 1827 507 1876 minor
526 1838 583 1874 natu
593 1860 601 1883 ‚
610 1843 613 1846 ·
622 1828 644 1875 vi
662 1825 698 1875 isti
711 1829 736 1876 in
751 1835 808 1878 Arte
823 1835 930 1889 Horatii,

67 1889 109 1939 ubi
126 1889 196 1945 senen
213 1890 314 1944 dicitur,
342 1891 412 1949 censor
426 1888 575 1952 castigatorque
589 1892 704 1940 minorum.
726 1893 751 1940 &
766 1890 805 1942 fic.
824 1898 865 1943 Or.
879 1908 926 1947 ιιι.

65 1954 190 2014 mjoribus
199 1953 284 2012 molesia
293 1965 347 1999 eum
358 1952 413 2000 dicit
421 1955 522 2012 ,majores
531 1964 600 2000 vocat
610 1951 783 2011 eosdemillos,
794 1970 853 2020 quos
863 1956 902 2006 lib.
911 1973 931 2011 r.

52 2019 159 2076 impiam
183 2028 236 2062 natu
256 2015 325 2079 plene
350 2015 449 2065 dixerat.
475 2017 500 2064 bt
522 2022 590 2065 Zeno
610 2015 764 2126 Polemoni?
788 2019 828 2127 zai
853 2021 934 2068 tertius

744 2090 785 2128 utt.

67 2079 193 2127 al’latone
203 2092 230 2126 ac
240 2077 369 2140 postremus
377 2077 473 2127 illorum
482 2079 590 2127 omnium
601 2075 723 2140 discipulus
818 2086 933 2130 aecLam-
1024 2098 1027 2107 ’
1053 2086 1058 2098 “

66 2139 127 2190 bino
141 2139 196 2203 ipfi,
211 2142 252 2203 qui
262 2140 300 2189 iiic
313 2140 339 2188 io
349 2141 483 2189 Turnebum
493 2155 564 2204 prope
573 2141 678 2189 invenus
688 2141 732 2198 eli,
748 2155 806 2205 puto
816 2143 932 2193 satisface-

67 2218 94 2252 re
104 2199 212 2267 potuilse.
227 2205 291 2263 euius
299 2204 371 2267 paulo
382 2202 433 2266 post
444 2238 452 2262 ,
468 2202 506 2253 ubi
516 2219 559 2268 pro
569 2206 704 2269 incognitione
714 2206 825 2268 reponit,
840 2211 934 2271 incogni-

66 2277 90 2314 to
101 2298 109 2322 ,
126 2266 241 2315 corredio
257 2279 319 2316 certe
329 2267 422 2330 egregia
432 2266 473 2317 eil.
489 2273 515 2319 P.
526 2268 599 2316 faber.
631 2269 674 2314 Sed
683 2271 742 2314 ‘mihi
751 2269 856 2328 minorest
867 2287 875 2326 ς
890 2274 934 2320 tale

67 2335 167 2389 verum]
192 2333 267 2377 Locus
278 2328 442 2378 vexatiffimus.
464 2328 622 2393 repraesentavi
635 2331 758 2393 quoderat
769 2333 793 2380 in
805 2333 850 2381 Pal.
863 2334 932 2397 prim.

68 2405 148 2453 neque
166 2389 245 2440 abibat
261 2391 303 2441 sec.
320 2390 392 2455 quirin
405 2393 470 2455 quod
485 2395 526 2451 is,
547 2393 586 2453 sed
602 2397 657 2441 mihi
673 2396 762 2440 minores
776 2398 819 2442 tale
833 2413 930 2445 verum:

66 2455 212 2517 volebatque
221 2455 331 2503 ultimum
341 2454 399 2503 illud
415 2455 534 2504 Turnebus
548 2455 589 2505 lib.
602 2471 653 2505 xvi.
670 2455 763 2506 advers
777 2471 830 2522 cap.
840 2468 876 2510 ra.
889 2459 932 2511 fia

68 2518 149 2581 primo
161 2517 250 2565 videtur
259 2517 317 2567 stare
326 2517 401 2566 codex
411 2521 432 2567 S.
445 2519 562 2573 vitioris5
580 2533 654 2582 neque
665 2519 750 2568 recedit
764 2520 837 2578 editio
853 2524 939 2573 vitto--
967 2554 971 2561 ·

68 2580 145 2632 tiana.
174 2579 249 2628 Aldus
258 2579 334 2629 senior
343 2579 451 2644 expreffit
465 2597 472 2628 z
482 2582 520 2640 sed
529 2584 585 2628 nihil
593 2586 677 2631 minor:
692 2584 749 2646 quod
759 2583 837 2643 ostiam
846 2604 930 2640 verum,

68 2641 170 2706 Junior;
182 2645 221 2702 sed
235 2645 303 2690 nihilo
311 2647 401 2690 minor:
427 2646 484 2707 quod
497 2644 525 2698 est
534 2647 575 2691 tale
588 2663 672 2693 verum.
687 2647 794 2710 vulgatur
809 2647 858 2699 fere
873 2666 881 2700 t
893 2651 932 2710 fed

69 2707 130 2752 nihil
139 2710 206 2751 miror
218 2723 226 2750 :
242 2702 300 2768 quod
308 2706 336 2766 est
344 2708 395 2756 tale.
411 2705 538 2755 Lambinus
550 2709 646 2764 maluit,
661 2709 700 2766 sed
708 2712 776 2756 nihile
790 2715 878 2758 minor:
894 2714 932 2772 effa

68 2769 115 2815 tale
125 2785 202 2814 verum
213 2785 221 2814 :
242 2769 305 2826 cuius
315 2771 395 2817 tamen
407 2769 475 2817 adeat
485 2783 571 2826 notas,
591 2773 631 2834 qui
642 2771 719 2820 videre
730 2773 778 2822 vult
790 2774 932 2824 andabatarn

70 2844 217 2894 pugnantem
228 2845 281 2878 cum
292 2830 451 2880 umbradivini
465 2832 533 2894 plane
544 2833 653 2884 Turnebi.
671 2837 757 2884 Gruter.

102 2909 140 2952 41.
158 2899 232 2955 ltaque
243 2897 342 2956 incognito
352 2898 456 2941 m'mirum
466 2895 582 2959 offendet]
599 2903 666 2945 Hunc
680 2898 759 2945 locum
776 2898 800 2944 in
820 2899 930 2948 omnibu·

70 2954 137 3004 libris
148 2954 313 3018 depravatum,
329 2954 467 3005 sententiam
479 2959 600 3007 Ciceronis
616 2959 744 3012 odoratus.
760 2973 829 3021 parva
844 2962 931 3021 immu-

72 3019 165 3066 tatione
175 3020 274 3068 correxi.
290 3017 321 3066 lic
331 3020 396 3068 enim
407 3019 480 3082 vulgo
496 3021 580 3084 legitur
591 3054 598 3077 ,
614 3025 747 3083 incognin'one
757 3024 862 3082 affinitur.
894 3027 931 3075 sie

72 3081 145 3143 pauli)
156 3081 206 3144 post
217 3081 267 3130 ead.
281 3096 333 3144 pag.
351 3086 384 3129 Tu
393 3099 440 3128 cum
450 3099 482 3127 me
494 3086 596 3145 incognito
611 3085 706 3143 affantiri
720 3099 792 3140 vetes,
809 3087 873 3150 idque
882 3102 931 3135 tur-

68 3141 177 3204 piffimum
187 3143 306 3205 mfidicas,
322 3145 348 3196 (a
359 3143 499 3208 pleniffimum
508 3148 645 3201 temeritatis,
664 3148 708 3199 &a
728 3147 822 3196 &infra
837 3151 929 3211 aliquot

72 3205 125 3269 post
138 3207 246 3271 paginis:
263 3211 356 3254 antimo
375 3211 442 3270 igirm
456 3225 489 3254 me
502 3239 509 3263 ,
523 3226 551 3269 ne·
560 3211 660 3272 incognito
671 3209 775 3270 offenriar.
792 3213 930 3265 Lambinus.

71 3274 149 3332 Itaque
159 3273 182 3315 in
192 3273 304 3331 cognitione
320 3274 424 3317 nimirum
440 3271 569 3331 adsentiar]
588 3275 608 3319 S.
621 3272 720 3322 vidonis
736 3275 760 3322 δι
772 3275 817 3324 Pal.
831 3275 872 3325 sec.
886 3282 930 3323 mi·

70 3346 136 3378 rum:
154 3331 212 3380 adeo
222 3346 247 3380 ut
258 3348 307 3379 non
318 3334 418 3383 omnino
429 3331 524 3383 absurda
540 3332 667 3383 Lambinus
682 3343 755 3399 ltaque
771 3341 793 3383 in
808 3355 885 3400 cagano
896 3343 933 3386 ni·

69 3397 153 3458 mirung
163 3396 277 3453 adsentiar.
292 3395 331 3443 sed
341 3413 391 3447 non
400 3396 454 3448 ideo
466 3410 547 3449 tamen
556 3397 619 3449 idern
630 3399 716 3450 inferre
725 3398 822 3451 debebat
833 3401 931 3451 latifun-

70 3457 117 3510 aiu
127 3457 234 3524 audieris.
266 3461 352 3512 Gruter.
585 3475 589 3485 ·

821 3528 933 3593 4⁰1·-
995 3582 998 3593 .
