2318 3914
252 135 335 202 2494
449 110 512 179 Ds
532 109 618 179 Fiu.
641 109 742 179 Bou.
762 127 814 177 ur
834 108 958 178 Man:

101 230 128 283 1.
142 230 229 281 cxlx.
253 222 388 280 dicebant.
427 219 505 295 Quid
524 220 606 296 igitur
625 220 715 279 voluit
732 218 779 279 fibi
794 260 803 288 ‚
822 221 871 297 qui
883 219 930 279 illa
943 221 1131 286 munient?

252 297 354 356 Saltem
369 296 471 372 aliquid
484 297 519 357 de
534 297 657 371 pondere
671 294 839 365 detraxisset,
853 297 883 355 &
897 294 998 373 paulli)
1012 298 1130 363 minoris

250 370 432 431 aestimaviffet
453 390 485 431 ea
518 371 603 449 quim
621 373 813 448 Peripatetici,
831 383 863 431 ut
880 371 987 431 sentire
1030 392 1126 465 unque

250 448 342 519 aliud,
360 467 420 515 non
435 446 522 507 solim
539 447 630 507 dicere
654 448 799 507 videretur.
837 448 864 489 ⁶¹
876 447 989 523 Quid?
1038 454 1127 529 eipla

251 524 331 584 beata
345 526 419 595 vita,
437 525 472 584 ad
492 542 576 600 quam
597 525 693 583 omnia
713 525 888 592 referuntur,
915 541 985 601 quae
1007 524 1102 591 dicitis
1114 530 1145 591 l·

252 602 357 676 negatis
371 618 433 659 eam
452 599 522 668 elle,
542 617 607 676 quae
629 600 738 675 expleta
758 600 790 659 s1t
811 600 939 667 omnibus
963 603 996 661 iis
1018 604 1103 667 rebus
1114 650 1124 679 ‚

252 694 319 754 quas
332 689 427 736 natura
438 676 584 736 defideret:
604 687 749 751 totamque
764 694 826 735 eam
840 678 868 735 in
882 693 937 735 una
953 678 1063 739 virtute
1076 699 1123 757 po·

252 756 337 811 nitisz
358 754 478 830 cumque
492 754 584 811 omnis
599 752 783 812 controverfia
796 765 843 811 aut
858 751 892 811 de
913 770 944 811 re
960 752 1053 815 soleat
1079 772 1122 821 aut

251 828 288 889 de
308 831 425 888 nomine
447 826 524 897 effe3
550 842 665 904 utraque
685 846 780 887 earum
800 828 941 898 nascitur,
969 829 991 887 li
1012 843 1122 895 autres

251 906 408 981 ignoratur,
427 918 474 964 aut
487 917 588 964 erratur
599 907 628 964 in
642 906 767 964 nomine.
803 921 925 979 quotum
944 903 967 963 fi
988 920 1120 971 neutrum

251 981 308 1049 est,
326 999 411 1057 opera
424 981 512 1040 danda
526 981 579 1049 est,
598 994 630 1039 ut
651 980 737 1039 verbis
753 992 861 1039 utamur
874 978 963 1057 quim
985 982 1118 1047 ufitatilli·

250 1057 303 1116 mis
330 1058 360 1116 δι
378 1055 466 1133 quina
480 1056 602 1117 maximi
614 1058 698 1133 aptis,
717 1055 813 1127 idest,
832 1074 892 1114 rem
908 1056 1117 1123 declarantibus.

41 1194 44 1199 ,
205 1139 240 1216 ς8
249 1134 327 1194 Num
341 1135 422 1208 igitur
435 1134 548 1193 dubium
563 1132 617 1202 eli,
636 1134 720 1209 quin,
741 1133 760 1190 sl
774 1131 802 1190 in
816 1150 845 1190 re
859 1132 914 1207 ipsa
927 1134 999 1193 nihil
1020 1154 1116 1212 pecca·

100 1233 114 1269 ι
133 1220 292 1269 cominatur
305 1208 320 1266 i
336 1208 529 1283 superioribus,
549 1210 635 1267 verbis
649 1210 685 1267 illi
698 1206 892 1268 ‘commodius
906 1210 1068 1271 ‘utunturd

98 1280 204 1355 altaribus
286 1285 362 1343 XXl.
382 1287 591 1355 Vinnsmus
609 1286 690 1359 igitur
703 1284 845 1343 sententias
857 1302 959 1343 eorum
976 1306 984 1345 ε
1004 1298 1070 1347 tum
1081 1290 1114 1353 ad

97 1360 153 1403 ‘⁰¹⁹'
166 1341 331 1420 micina
343 1362 496 1421 redeamus.
533 1363 639 1420 Dicunt
654 1362 852 1436 appetitionem
871 1362 960 1419 animi
980 1368 1113 1439 moveri,

98 1417 221 1518 fffinm‘
247 1436 312 1495 ciam
327 1438 428 1515 aliquid
443 1441 468 1497 ei
481 1436 629 1497 secundum
644 1451 768 1495 naturam
783 1434 836 1496 elle
847 1438 990 1499 videatur:
1007 1442 1114 1501 omnia·

266 1531 318 1581 ue,
338 1531 403 1589 quae
418 1514 568 1573 secundum
580 1527 706 1573 naturam
720 1513 781 1572 sunt
797 1555 806 1581 ,
826 1512 1011 1574 aestimatione
1025 1518 1112 1593 aliqua

245 1531 342 1723 ἔξω
363 1607 450 1666 eaque
464 1609 515 1666 pro
530 1608 583 1658 eo,
602 1600 735 1665 quantum
750 1590 779 1648 in
794 1606 909 1666 quoque
922 1588 1109 1665 impenderis,

245 1681 263 1723 e
284 1665 472 1728 eiaellimauda
488 1686 494 1722 :
515 1684 634 1742 quaeque
648 1664 797 1724 secundhm
810 1677 937 1725 naturam
952 1664 1006 1727 fint
1022 1708 1033 1737 ‚
1050 1686 1110 1745 pat·

244 1742 297 1799 tim
310 1741 378 1799 nihil
390 1740 489 1800 habere
503 1742 531 1800 in
545 1742 598 1800 lese
618 1742 791 1816 appetitionis
805 1783 814 1810 ‚
834 1741 869 1799 de
889 1759 946 1817 qua
960 1742 1032 1819 saepe
1046 1746 1107 1819 jam

245 1815 386 1886 diximus,
406 1836 470 1893 quae
496 1835 550 1876 nec
569 1820 682 1876 bonella
698 1857 706 1882 ,
726 1836 778 1876 nec
798 1816 942 1876 laudabilia
962 1818 1105 1879 dicantm:

96 1917 113 1951 v
145 1902 213 1954 artim
245 1894 365 1968 'partim
380 1912 444 1970 quae
463 1896 633 1969 voluptatem
654 1893 771 1951 habeant
790 1893 819 1951 in
843 1894 923 1952 omni
944 1894 1108 1967 animante,

96 1966 127 2014 ua
158 1981 196 2023 re,
246 1966 291 2027 sed
305 1970 333 2027 in
347 1969 463 2029 homine
478 1972 613 2029 rationem
629 1970 727 2028 etiam:
748 1987 783 2027 ex
798 1969 866 2037 ¹iis‚
884 1986 952 2046 quae
965 1968 1018 2029 smt
1030 1984 1109 2047 apta,

96 2042 149 2091 qua
162 2028 278 2102 'Mea
292 2046 427 2114 honesta,
447 2065 479 2103 ea
494 2046 601 2122 pulcra,
622 2063 654 2103 ea
666 2044 827 2103 laudabilia:
847 2045 891 2104 illa
911 2058 1010 2104 autem
1032 2046 1112 2123 lupe·

95 2106 113 2139 ¹
127 2090 314 2180 ¹¹¹⁵¹¹‘’”·.riora
339 2122 468 2180 naturalia
484 2123 676 2180 nominantur:
696 2139 760 2197 quae
775 2163 783 2190 ,
798 2120 948 2196 conjuncta
969 2138 1040 2182 cum
1060 2123 1113 2183 ho·

240 2197 337 2264 uestis,
358 2200 442 2255 vitam
456 2198 562 2255 beatam
578 2196 721 2272 perficiunt
741 2199 769 2255 &
785 2196 936 2255 absolvunt.

198 2303 234 2359 59
281 2273 419 2331 Omnium
435 2286 527 2330 autem
549 2289 647 2331 eorum
669 2272 888 2331 commodorum
909 2272 1030 2351 (quibus
1051 2292 1111 2337 non

240 2348 278 2405 illi
293 2347 351 2422 plus
365 2349 502 2417 tribuunt,
521 2350 568 2425 qui
582 2349 624 2407 illa
638 2351 711 2406 bona
727 2345 779 2406 effe
793 2348 905 2415 dicunt,
920 2348 1011 2425 qulm
1018 2350 1111 2423 Zenm

241 2425 290 2498 qui
303 2426 397 2498 negat)
415 2423 498 2499 longi
513 2425 756 2499 praeliantillimum
770 2422 847 2493 elle,
865 2425 945 2501 quod
957 2426 1112 2489 honestum
1139 2432 1144 2441 '

239 2497 306 2556 ellet
323 2513 406 2575 atque
425 2500 579 2559 laudabile:
619 2500 689 2569 sed,
720 2500 741 2558 fi
760 2498 817 2558 duo
835 2500 950 2559 honesta
968 2502 1112 2579 proposita

123 2600 150 2645 p,
169 2599 196 2643 ῃ,
239 2573 305 2642 sint,
324 2575 439 2634 alterum
454 2594 519 2635 cum
539 2577 731 2645 svalitudine,
751 2576 865 2634 alterum
887 2593 954 2634 cum
981 2578 1111 2651 morbo,

93 2672 110 2723 y
130 2655 298 2709 valetudnon
314 2647 366 2709 elle
380 2651 511 2722 dubium,
531 2652 565 2711 ad
579 2666 783 2712 utrum-eorum
798 2664 893 2709 natum
914 2668 967 2711 nos
990 2654 1001 2710 i
1022 2653 1113 2715 h‘de-

92 2724 144 2772 alii.
239 2726 351 2785 dudiura
365 2727 404 2787 lit.
442 2729 487 2787 sed
500 2742 595 2787 tamen
609 2740 713 2787 tantam
727 2728 785 2785 vim
799 2727 946 2786 honestatis
960 2744 975 2784 e
999 2741 1036 2799 e,
1048 2742 1112 2793 tan·

239 2818 356 2880 tumque
370 2822 432 2861 eam
449 2806 526 2863 rebus
540 2806 669 2864 omnibus
684 2803 807 2878 praestare
841 2805 870 2861 ἃ
892 2803 1031 2864 excellere
1049 2850 1058 2877 ,
1078 2820 1110 2867 ut

91 2875 318 2953 adimoveiinullis
332 2897 384 2938 nec
397 2880 552 2954 suppliciis,
572 2897 625 2939 nec
644 2881 763 2954 praemiis
783 2878 950 2939 ¹demoveri
969 2881 1054 2955 pollis
1074 2902 1110 2943 ex

91 2942 142 2991 ’Μ
232 2973 293 3026 eo,
312 2957 390 3032 quod
404 2957 508 3015 redium
523 2954 577 3015 effe
591 2955 743 3015 decreverit
758 2974 765 3013 :
786 2957 955 3031 omniaque,
974 2974 1044 3035 quae
1058 2958 1112 3044 du·

1058 3050 1108 3109 ²²2

264 3300 301 3343 σι.
317 3295 380 3355 Quid
389 3291 414 3337 de
425 3293 469 3352 ipsa
479 3291 540 3338 beau
549 3295 619 3351 vita]
642 3292 744 3342 Verbum
755 3289 899 3355 postiemum
911 3305 963 3341 non
974 3292 1009 3343 est
1019 3294 1045 3347 in
1056 3294 1107 3345 Pal.

235 3369 328 3419 quanto.
346 3359 371 3406 δι
387 3353 450 3402 forte
465 3353 606 3419 subintelligi
617 3358 692 3405 voluit
704 3355 792 3404 aanor.
809 3369 867 3404 nam
879 3368 923 3402 nec
933 3356 1022 3423 reliqui
1033 3356 1106 3407 nollsi

235 3416 695 3479 concedant.habetenimsemaan»,
712 3416 800 3480 sextus,
815 3422 864 3471 via.
896 3421 993 3473 Gentes.
1020 3464 1035 3489 ,ἱ
1155 3432 1157 3441 ·

1011 3508 1107 3565 Gal·
