2318 3914
203 122 396 210 Lrnrra
438 135 773 235 Saenianus.
856 150 941 223 2423

60 256 101 317 'da
117 257 253 318 custodiar
273 257 341 316 inest
354 257 383 314 in
397 251 581 330 perpetiendis
601 250 737 310 laboribus
750 249 939 330 adeundisque

61 335 192 410 periculis
211 334 288 393 flrma
316 336 347 392 &
375 328 472 389 stabilis
495 327 597 387 doloris
629 329 782 404 mortisque
808 340 937 391 contem-

63 412 137 484 ptio.
175 429 240 488 ergo
259 411 323 468 haec
345 410 376 466 in
396 405 518 464 animis:
545 416 576 462 tu
597 415 691 462 autern
712 406 796 462 etiam
811 407 935 467 membra

62 486 121 561 ipsa
141 487 283 565 sensusque
304 482 463 544 considera:
484 481 531 557 qui
547 480 611 548 tibi,
628 492 660 538 ut
680 479 793 556 reliquae
815 485 935 556 corporis

64 575 154 637 partes
163 583 240 636 ,non
257 562 378 621 comites
392 557 478 617 sollun
493 558 647 626 virtutum,
667 554 712 615 sed
727 556 840 615 ministri
854 558 938 619 etiam

65 639 243 700 videbuntur.
752 652 762 661 ’

104 718 201 792 Quid,
223 716 242 774 sa
257 717 287 772 in
302 713 360 831 ipso
376 729 491 788 corpore
506 710 591 770 multa
606 710 742 786 voluptati
756 711 938 786 proponenda
951 724 1003 783 114

52 790 142 861 'sunt,
163 807 194 851 ut
209 793 298 859 vires,
342 789 479 858 valitudo,
498 789 645 856 velocitas,
665 786 850 862 pulcritudo?
870 782 961 864 quidh
978 786 1070 865 'alpe-2

61 868 180 926 tandem
197 869 225 925 in
242 868 339 925 animis
352 864 462 925 censer?
481 866 510 923 in
523 864 619 939 quibus
634 863 779 921 doetiffimi
801 863 839 922 illi
861 845 1038 922 vete-³⁰⁴¹*

62 960 109 1000 res
124 941 209 1001 ineffe
224 943 355 1018 quiddam
369 941 475 1001 caeleste
494 943 523 999 &
538 941 664 999 divinum
678 952 852 1015 putaverunt.
860 940 939 1016 quod
1006 968 1009 975 ·

63 1017 171 1077 fielset
184 1021 213 1076 in
228 1019 368 1094 voluptate
380 1019 521 1077 summurn
543 1017 649 1076 bonurn
671 1015 713 1091 (ut
734 1016 839 1089 dicitis)
862 1032 942 1091 opta·

63 1091 123 1151 bile
138 1093 220 1164 effet‚
238 1095 268 1153 in
282 1095 419 1171 voluptate
433 1096 556 1153 maxima
572 1136 580 1162 ‚
606 1092 682 1152 nullo
698 1094 841 1151 intervallo
855 1096 951 1167 inter„
1066 1165 1073 1174 ἢ

61 1171 163 1244 jeeto,
183 1170 239 1239 dies
265 1172 416 1247 noetesque
430 1169 545 1237 versari,
565 1168 628 1227 clnn
644 1187 742 1228 omnes
757 1168 844 1227 sensus
860 1169 951 1229 idul-¹
964 1157 1072 1236 ΨΜ·

65 1247 170 1304 cedine
184 1248 262 1305 omni
277 1247 350 1323 quast
366 1247 466 1322 perfusi
479 1262 667 1304 moverentur.
694 1247 764 1321 Quis
785 1246 822 1303 est
842 1260 936 1306 autern
946 1219 1066 1285 dmm*-

66 1321 167 1395 dignus
185 1324 300 1382 nomine
319 1326 467 1393 hominis,
488 1324 536 1399 qui
556 1341 644 1381 unum
665 1321 740 1380 diem
759 1333 853 1380 totum
873 1325 939 1383 velit

70 1395 127 1456 effe
139 1400 168 1458 in
182 1400 232 1458 illo
247 1418 348 1475 genere
362 1399 529 1476 voluptatis?
788 1420 790 1425 ’

107 1476 253 1551 Cyrenaici
267 1477 379 1552 quidem
395 1495 453 1535 non
469 1474 599 1534 recusant.
638 1475 716 1533 vestri
729 1475 791 1534 haec
804 1493 1000 1551 verecun-113
1051 1490 1053 1495 '

65 1549 143 1609 dius:
161 1553 205 1611 ille
221 1551 329 1611 fortaffe
344 1544 519 1612 constantius.
545 1553 597 1611 Sed
612 1552 752 1610 lustremus
767 1556 863 1610 animo
878 1573 937 1614 non

63 1626 115 1685 has
130 1629 260 1687 maximas
275 1643 361 1700 artes,
381 1631 478 1707 quibus
492 1630 540 1705 qui
561 1629 688 1686 carebant
704 1671 711 1698 ,
731 1629 830 1687 inertes
846 1629 861 1686 l
877 1649 936 1688 ma-

59 1702 169 1776 joribus
181 1706 410 1775 nominabantur:
430 1706 475 1764 sed
489 1723 586 1781 quaero
602 1747 611 1772 ‚
630 1723 699 1762 num
723 1705 857 1764 existimes
878 1725 938 1767 non

64 1779 132 1838 dico
148 1780 726 1853 Homerum‚Archilochum,Pindarum‚
747 1780 951 1853 sedPhidiam,.

62 1855 259 1931 Polycletum,
276 1859 404 1927 Zeuxin,
424 1858 459 1917 ad
474 1858 628 1932 voluptates
642 1869 710 1914 artes
723 1856 780 1915 suas
793 1857 937 1918 direxiffe?

62 1931 141 2008 Ergo
160 1937 257 2008 opifex
278 1935 336 2008 plus
358 1935 406 1993 srbi
423 1936 584 2009 *proponet
602 1933 636 1991 ad
663 1934 816 1991 formarum
851 1931 962 2010 quirnrk
982 1944 1088 1999 wrm

63 2009 133 2067 civis
149 2011 286 2068 excellens
300 2011 336 2068 ad
348 2011 486 2069 laetorum
501 2009 712 2084 pulcritudinem
731 2009 742 2065 ἓ
762 2027 827 2085 quae
843 2022 937 2070 autem
948 1998 1001 2044 MS·
1044 2048 1053 2061 κ

64 2083 104 2142 est
119 2085 171 2143 alia
186 2087 263 2144 causa
277 2088 373 2144 erroris
388 2088 456 2144 tanti
471 2130 479 2155 ,
499 2102 557 2143 tarn
591 2083 674 2159 longe
705 2084 814 2160 lateque
835 2085 940 2158 diffusa,

63 2159 117 2217 nisa
131 2161 209 2237 quod
223 2164 261 2231 is,
282 2163 329 2238 qui
344 2163 516 2238 voluptatem
531 2161 671 2219 summurn
694 2161 800 2220 bonum
823 2160 877 2218 elle
892 2164 941 2220 de·

64 2240 172 2306 cernit,
192 2257 251 2297 non
273 2256 339 2296 cum
362 2256 393 2296 ea
414 2250 490 2315 parte
510 2239 620 2305 animi,
639 2239 668 2295 in
689 2256 743 2314 qua
773 2237 841 2296 inest
867 2241 937 2298 ratio

64 2324 151 2389 atque
165 2314 329 2383 confilium,
348 2315 394 2374 sed
410 2333 475 2373 cum
490 2313 656 2389 cupiditate,
675 2315 778 2383 idest,
799 2332 863 2371 cunr
880 2317 938 2374 ani,

65 2391 109 2447 mi
123 2390 255 2449 levissima
270 2404 346 2466 parte
360 2390 508 2450 deliberat?
518 2395 626 2464 Quaero
640 2392 713 2448 enim
730 2392 764 2448 de
778 2402 821 2448 te:
843 2389 863 2447 fi
877 2391 938 2451 sunt
950 2393 1003 2448 116

65 2462 122 2533 dii,
142 2480 173 2523 ut
188 2485 237 2525 vos
252 2469 335 2525 etiarn
350 2471 465 2543 putatis,
484 2467 535 2543 qui
550 2464 657 2540 pollunt
681 2463 733 2524 elle
755 2467 850 2535 beati,
871 2469 936 2527 cirm

64 2541 222 2616 voluptates
238 2561 355 2618 corpore
368 2545 507 2618 percipere
521 2561 579 2601 non
614 2542 712 2600 offint?
733 2556 779 2601 aut
792 2543 811 2601 fi
826 2543 882 2602 fine
897 2565 933 2603 eo
945 2545 967 2590 P·
976 2555 1087 2613 famu?

62 2634 167 2751 periere
182 2619 328 2693 voluptatis
341 2619 414 2678 beati
428 2621 505 2690 lunt,
526 2636 574 2676 cur
587 2562 703 2677 limilem
718 2620 802 2678 animi
817 2620 932 2681 usumin

75 2695 185 2770 apiente
200 2693 253 2752 elle
266 2694 393 2754 lnolitis?
943 2701 952 2747 l
968 2703 1046 2755 nolint

105 2770 225 2829 XXXV.
247 2772 353 2828 eror
367 2771 552 2840 laudationes,
573 2770 735 2847 Torquate,
755 2767 995 2844 noneorrrm‚‘²¹'⁸'·

64 2848 189 2922 quisunt
204 2848 236 2905 ab
252 2848 383 2906 Homero
396 2848 514 2919 laudati,
534 2865 593 2905 non
608 2849 675 2923 Cyri
690 2890 698 2916 ,
718 2867 776 2906 non
799 2849 934 2922 Agesilai,

64 2941 126 2995 non
147 2922 292 2993 Aristidis,
311 2942 370 2982 non
393 2925 612 2993 Themistoclis,
632 2941 691 2981 non
711 2925 850 2997 Philippi,
876 2944 935 2989 non

64 3000 231 3058 Alexandri:
251 3001 312 3074 lege
327 2999 480 3058 nostrorum
495 3001 645 3058 hominum
661 3010 678 3068 ‚³
696 3000 757 3074 lege
780 2999 873 3059 vestrae
894 3004 935 3060 fa·

66 3077 152 3133 miliae
167 3096 174 3134 ι
195 3079 339 3135 neminem
354 3076 456 3134 videbis
469 3077 506 3134 ita
518 3077 658 3135 laudatum
669 3081 686 3143 ,'
697 3088 728 3132 ut
743 3076 839 3134 artifex
861 3079 933 3138 calli-

67 3151 118 3208 dus
131 3155 376 3227 comparandarum
393 3153 565 3226 voluptatum
581 3154 724 3209 diceretur.
763 3166 821 3211 non
843 3155 962 3213 melo-m
985 3165 1081 3233 eulogio
1148 3221 1150 3224 Α

65 3227 111 3302 gia
126 3242 375 3289 monumentorum
390 3229 419 3288 id
426 3227 677 3306 fignificant,velut
689 3228 745 3288 hoc
759 3229 793 3289 ad
807 3233 929 3305 portam?
942 3228 993 3299 41⁸·
1003 3227 1067 3306 0902

73 3312 77 3320 ⁴
806 3292 1044 3369 41UNoglaflln,

937 3353 1051 3475 {pferd
1081 3406 1084 3414 ·

948 3483 952 3490 a

68 3473 112 3540 eil,
132 3473 193 3541 quin
202 3444 369 3542 Xenophontis
378 3477 459 3530 loeunr
471 3474 557 3526 cicero
567 3475 698 3538 exprimere
707 3478 821 3533 uoluerit.
843 3479 926 3536 mapa.

480 3544 674 3623 Qantara
850 3546 963 3603 an‘lt*
