2318 3914
207 116 290 186 2430
415 94 477 161 Du
499 76 921 166 muraenulam.

209 196 353 286 'congressu
368 196 502 266 solemus:
524 206 602 282 Quid
617 209 781 285 tu,iiiquit,
795 209 872 268 huc?
892 204 1095 286 ivillaenirnl

208 287 310 344 credo:
331 288 383 354 δι,
403 283 424 342 fi
445 284 481 343 ibi
503 296 532 341 te
553 281 605 341 esse
626 283 755 356 scissem,
780 286 815 343 ad
831 299 859 345 te
874 285 1092 361 ipse-venissem.-

178 408 183 415 .
209 363 306 433 Heri,
330 364 470 438 inquam,
496 360 565 418 ludis
593 361 768 431 commiffis,
794 380 829 421 eit
850 365 919 439 urbe
946 365 1092 437 proteum

213 450 241 480 ¹0
250 441 315 499 veni
329 440 364 497 ad
378 437 530 512 vesperum.
571 436 649 495 causa
664 450 758 517 autern
772 439 824 497 suit
851 440 908 497 huc
931 441 1094 514 veniendi,

162 510 168 523 ⁸
212 528 243 574 ut
258 515 393 592 quosdam
409 516 474 573 hinc
488 515 569 583 libros
583 531 759 588 promeremt
781 517 810 574 &
831 517 975 592 quidem,
998 517 1095 591 Catu,
1114 514 1117 581 ἶ

211 602 302 651 totam
324 593 397 651 hanc
417 592 527 666 copiam
551 592 611 665 jam
640 592 761 650 Lucullo
793 594 886 651 nostro
910 604 1015 652 notam
1040 595 1092 657 effe

213 670 362 744 oportebit.
400 685 466 726 nam
488 668 529 724 his
556 667 626 725 libris
648 686 714 726 eum
748 668 824 727 malo
864 667 952 746 quim
981 668 1091 747 reliquo

19 792 23 817 ,
214 758 313 804 ornatu
335 745 408 803 uillae
430 743 567 802 delectari.
606 743 643 802 est
663 747 740 803 enim
763 746 832 803 mihi
853 763 968 820 magnae
991 763 1090 808 curae:

61 828 73 879 1
88 826 186 893 quidem
214 838 385 898 quamquam
399 822 455 879 hoc
469 820 598 896 ¹quidem
610 823 753 897 proprium
766 835 847 880 tuum
862 839 966 880 munus
982 820 1040 893 est,
1061 838 1090 885 ut

59 893 141 1005 ffli-
213 899 251 957 ita
264 899 419 968 erudiatur,
441 907 464 940 ¹¹
475 911 506 956 ut
520 899 549 956 &
562 899 648 972 patri,
669 900 699 957 ὅ(
714 899 845 974 Caeploni
859 898 975 968 nostro,
997 900 1029 958 &
1042 901 1089 960 tibi

244 1189 282 1223 io.
297 1178 350 1222 Veni
362 1175 391 1222 ad
407 1172 522 1239 vesperum.
545 1176 608 1237 causa
618 1181 709 1233 aarum]
725 1178 778 1224 Nec
794 1173 845 1222 heic
859 1173 925 1222 volui
945 1175 1083 1235 excludere,

211 1238 336 1299 quoderat
347 1239 372 1285 in
384 1239 431 1286 l’al.
445 1254 477 1301 pr.
489 1237 554 1301 quod
566 1241 591 1287 bt
604 1241 698 1301 quintus
711 1240 735 1286 be
752 1239 809 1287 sext.
827 1250 894 1301 parte
909 1238 950 1285 sua
966 1239 1082 1298 iuvarent.

209 1299 270 1358 cusi,
283 1301 398 1363 vesperam.
414 1302 477 1362 caiisa
488 1305 551 1349 euim.
570 1301 658 1363 inepte.
691 1305 779 1350 Gruter.

244 1380 279 1412 11.
295 1370 328 1410 Ut
339 1366 365 1416 dr
375 1368 447 1425 parri,
464 1368 488 1414 (a
502 1370 589 1426 Cepr'oni
598 1365 711 1422 nostru&
725 1367 780 1419 iili,
794 1376 839 1410 tam
849 1365 984 1426 propinquo,
1000 1366 1083 1428 respon·

206 1427 273 1486 deae]
289 1428 361 1475 Ausus
372 1428 422 1475 siim
436 1430 460 1475 δι
471 1425 530 1482 hic,
546 1442 588 1489 pro
600 1430 711 1488 Scipioni,
727 1440 840 1489 reponere
855 1429 960 1487 eapioni,
976 1428 1000 1480 δι
1013 1430 1082 1491 paul·

202 1487 229 1537 lb
240 1489 311 1553 post,
329 1495 457 1552 cepionem,
473 1504 516 1552 pro
529 1493 662 1552 Scipionem,
679 1490 760 1537 ductus
773 1491 818 1537 bac
829 1489 944 1537 nimirum
958 1491 1082 1549 conjectu·

201 1552 247 1607 ti,
264 1553 330 1616 quod
343 1553 454 1600 Lucullus
466 1567 535 1614 puer,
551 1553 587 1599 cui
600 1567 664 1599 tutor
675 1554 688 1602 l
701 1564 765 1621 parre
779 1557 814 1601 M.
830 1557 906 1599 Cotta
922 1551 1018 1601 relistus
1033 1553 1079 1611 cst,

200 1626 305 1663 matrem
316 1615 395 1664 habuit
413 1616 554 1669 Serviliam,
572 1617 672 1662 Catonis
694 1616 817 1670 sororem3
835 1616 899 1673 cujus
915 1612 1016 1664 fratrem
1026 1617 1079 1665 l'lu·

201 1679 295 1726 tarcbus
316 1679 340 1726 in
362 1682 457 1726 Catone
477 1677 580 1724 Uticensi
601 1682 711 1739 eapi'oaem
732 1680 849 1725 nominat.
884 1691 948 1732 nec,-
972 1678 1078 1741 opinorr

201 1740 296 1803 ignorat
309 1742 605 1803 quisquam,cognomeri
620 1741 718 1789 Seruiliae
734 1741 810 1802 gentis
836 1742 919 1803 Caepio
929 1739 1004 1791 mille.
1036 1741 1078 1791 list

202 1817 281 1851 autem
293 1806 432 1866 Capiouum
446 1803 483 1850 hic
493 1802 567 1858 ordo,
584 1819 699 1864 quantum
711 1819 740 1851 eir
752 1804 901 1864 antiquitatis
911 1800 1074 1852 obsecutione

200 1864 265 1914 licuit
277 1868 399 1930 colligere.
430 1872 463 1928 Q.
475 1868 582 1915 Servilius
594 1867 689 1928 Caepio,
706 1866 787 1915 consul
799 1880 864 1914 aritio
876 1863 937 1914 urbis
943 1878 1070 1915 ucxuvrr.

201 1927 266 1978 male
278 1933 331 1976 cum
348 1927 451 1993 Cimbris
472 1931 591 1992 pugnavit.
625 1931 674 1987 ejus
689 1928 751 1976 silius
768 1935 798 1987 Q.
813 1929 896 1991 Capio
913 1931 950 1976 M.
960 1931 1074 1977 scaurum

200 1990 329 2048 accusavit3
346 1990 422 2040 Druso
432 1991 484 2040 trib.
497 1994 528 2056 pl.
542 1994 582 2054 qui
594 1991 674 2054 paullo
689 2005 744 2039 ante
758 1991 848 2040 bellum
864 1988 993 2039 Marsicum
1005 1991 1076 2042 domi

200 2053 244 2102 suae
260 2054 396 2104 interseitus
411 2053 461 2110 est,
483 2069 527 2117 pro
542 2055 659 2118 equitibus
676 2054 775 2111 restitit,
796 2053 861 2101 bello
881 2051 987 2102 Marfico
1007 2057 1076 2118 periit

200 2131 266 2166 anno
283 2133 410 2166 ucuxirr.
428 2117 511 2180 quibus
527 2117 637 2164 derebus
655 2117 731 2165 habeo
753 2115 823 2164 testes
847 2116 1003 2179 Appianum,
1019 2118 1075 2166 Flo·

199 2196 265 2236 rum,
277 2181 406 2239 orosium,
423 2180 551 2243 Epitomen
562 2182 693 2228 Liuianum.
727 2181 772 2228 llic
783 2180 864 2241 Caepio
874 2193 904 2226 ex
914 2178 998 2241 Livia,
1014 2185 1076 2229 Dru·

107 2276 109 2281 -
185 2241 218 2290 ·-si
233 2244 282 2302 ejus
299 2244 395 2298 sorore,
412 2256 466 2289 cum
482 2257 531 2304 quo
548 2258 601 2290 cum
619 2244 755 2291 inimicitias
772 2239 862 2306 gessisse
875 2241 994 2299 diximus,
1009 2242 1072 2292 filios

199 2306 315 2369 suscepit,
331 2312 361 2366 Q.
375 2305 514 2367 Cupionem
526 2308 550 2354 ὃ(
567 2307 707 2361 Serviliam,
728 2310 762 2353 M.
777 2307 878 2352 Catonis
888 2303 996 2353 sororem
1013 2339 1021 2362 ,
1037 2311 1073 2357 M.

199 2369 263 2417 Bruti
274 2381 375 2415 matrem
390 2401 397 2423 ‚
420 2381 492 2428 quam
504 2371 533 2417 C.
546 2368 640 2424 Cesar,
658 2367 737 2432 postea
748 2368 863 2420 dilator,
880 2366 1005 2416 adamavit
1023 2385 1029 2416 ε
1044 2368 1074 2418 de
1114 2374 1117 2383 '

198 2432 281 2494 quibus
296 2433 400 2494 utrisque
410 2445 513 2501 agemus.
549 2432 686 2492 Caepionem
698 2430 817 2479 triburium
828 2431 878 2478 mil.
891 2432 915 2477 in
927 2429 996 2478 bello
1006 2434 1074 2495 Spar·
1113 2430 1117 2443 '

198 2507 254 2542 taco
267 2492 346 2550 fuisse,
363 2493 443 2541 obiisse
453 2493 477 2540 iri
490 2491 544 2541 Asia
556 2507 610 2540 ante
621 2493 774 2555 quaesturam,
789 2493 820 2539 ait
833 2492 970 2541 Plutarchus
979 2494 1006 2541 iu
1025 2498 1074 2543 Ca⁴
1090 2520 1098 2525 -

199 2555 377 2605 toneUticensi.
409 2557 505 2605 Servilia
522 2554 625 2619 primiiiii
642 2556 716 2619 nupsit
734 2560 769 2605 M.
786 2561 875 2610 Bruto,
893 2556 914 2603 ei
928 2591 935 2612 ,
951 2570 1026 2618 quem
1037 2559 1073 2607 iu·

198 2620 321 2666 terfeilum
334 2618 347 2667 i
362 2620 473 2681 Pompeio
485 2633 575 2682 magno
587 2621 686 2666 Sullanis
697 2618 841 2681 temporibus
852 2617 922 2666 docet
938 2619 991 2667 val.
1004 2623 1071 2671 Max.

199 2682 280 2731 lib.vi.
298 2697 377 2744 capa.
396 2682 467 2743 idque
484 2683 615 2730 l’lutarchus
627 2682 773 2735 confirmare
788 2680 877 2728 viderur
889 2684 912 2727 iri
928 2682 995 2729 Bruti
1012 2685 1087 2741 viia,

199 2747 288 2808 peperit
299 2759 328 2792 ex
341 2760 370 2793 eo
381 2750 417 2795 M.
430 2751 537 2800 Brutum,
556 2744 731 2792 interseblorem
745 2742 824 2806 postea
836 2748 865 2794 C.
875 2742 987 2792 cesaris:
1007 2743 1072 2794 deiu-

200 2807 229 2856 de
241 2824 301 2856 uxor
310 2808 354 2855 suit
367 2841 374 2862 ‚
391 2821 416 2856 ut
427 2809 527 2870 legimus
539 2809 563 2854 iii
576 2808 712 2861 Plutarcho,
730 2812 756 2854 L.
769 2806 873 2860 Luculli,
890 2807 931 2869 qui
946 2805 1072 2857 Mithrida-

198 2884 248 2918 tem
260 2874 285 2920 &
301 2873 430 2934 Tigranem
450 2872 584 2923 device-au,
599 2870 649 2931 post
666 2868 784 2917 dimifl'am
803 2869 832 2917 ab
849 2883 878 2915 eo
895 2869 1030 2927 Clodiam,
1044 2874 1068 2920 P.

200 2934 281 2982 Clodii
293 2936 411 2990 sororem3
429 2948 516 2994 eliqua
532 2935 606 2980 tilium
622 2935 701 2993 genuit
715 2939 741 2980 L.
754 2933 879 2979 Lucullum
896 2966 903 2986 ‚
919 2946 995 2992 quem
1008 2947 1072 2992 pater

199 3000 303 3046 morieris
313 2998 338 3044 in
350 2999 424 3044 tutela
434 2997 509 3044 uoluit
523 2995 568 3042 esse
580 2999 615 3044 M.
628 2997 729 3042 Catonis
741 3029 748 3051 ‚
764 2994 841 3042 fratris
854 2994 974 3050 Serviliae,
992 2998 1071 3045 uxone

196 3059 247 3107 sllae.
277 3061 331 3107 ideo
343 3060 402 3109 dixit
413 3059 454 3107 hic
465 3061 564 3107 Cicero:
581 3063 651 3104 Tuum
664 3075 740 3103 brunus
756 3059 783 3117 cst
796 3091 802 3112 ,
818 3071 842 3104 ut
853 3061 885 3104 ila
901 3059 1033 3113 erudiatur,
1047 3072 1072 3106 nt

199 3123 295 3183 &parri
306 3155 313 3177 ‚
338 3125 364 3172 ὃν
383 3127 471 3185 Cupiens
485 3120 571 3180 nostro,
592 3123 618 3170 th·
640 3124 699 3175 ribi,
720 3136 764 3166 tum
784 3125 898 3182 propinquo
915 3153 922 3174 ‚
941 3122 1070 3184 respondenti

199 3186 277 3245 Quaeri
292 3198 370 3231 autem
386 3185 479 3248 potest,
501 3198 548 3248 qua
564 3185 655 3231 rarione
676 3183 740 3231 soror
755 3181 822 3231 suerit
835 3184 931 3231 Servilia
947 3186 1067 3242 Catonis,

200 3249 240 3307 qui
250 3247 324 3294 erate
340 3262 410 3310 gente
423 3250 509 3296 Porcia.
543 3248 566 3293 iii
582 3262 631 3306 quo
647 3246 701 3294 scire
717 3247 773 3293 illud
791 3259 903 3307 oportet,
926 3249 1069 3310 CaepioniS,

198 3311 298 3358 Servilia
311 3311 400 3372 pariis,
417 3325 488 3372 quem
505 3307 621 3358 decessisse
636 3309 701 3356 bello
714 3307 815 3355 Marsico
828 3307 952 3365 diximus,
969 3324 1069 3359 uxorem

197 3370 264 3421 fuill'e
287 3371 399 3430 Liuiam,
425 3378 460 3420 M.
478 3374 539 3421 Livii
554 3369 622 3420 Drusi
639 3372 731 3425 liliam,
753 3373 819 3427 eius,
843 3386 915 3433 quem
935 3386 1023 3422 contra
1038 3376 1067 3422 C.

198 3435 333 3486 Gracchum
352 3437 378 3486 in
399 3435 518 3487 tribunatu
537 3450 581 3500 pro
601 3439 688 3484 Senatu
705 3431 798 3501 sirtille¹
812 3434 950 3488 Plutarchus
968 3437 1069 3547 inGvitc

1020 3512 1068 3549 m·
