2318 3914
226 138 323 219 '2516
446 134 617 203 De‘Fru.
641 134 741 208 Bou.
762 141 816 209 ετ
837 129 956 205 Muri.

236 260 296 310 non
313 240 443 309 dolendi,
462 240 592 317 idipsum
607 240 774 317 honestum,
792 240 870 319 quod
885 236 1028 317 amplefli
1044 236 1117 311 vult,

240 320 323 378 efficit
337 328 426 393 turpe.
463 316 498 375 ad
513 331 558 377 ear
572 320 649 397 enim
671 334 713 376 res
731 314 832 377 referie
852 332 920 393 quae
943 319 1036 397 a'gaa:
1056 331 1119 401 qup-

241 412 302 453 rum
318 412 390 463 nna,
410 394 504 469 siquis
525 395 601 453 malo
621 407 735 465 careat,
762 395 791 452 in
813 393 927 453 summo
950 408 1031 451 eum
1046 392 1119 453 bono

89 478 163 527 eattt
176 473 218 523 du.
242 471 337 530 edicat
351 468 427 541 esie;
448 472 531 531 altera
547 470 667 546 versetur
680 472 709 529 in
728 470 862 529 levislima
883 480 965 544 parte
989 479 1118 547 nature,

43 613 46 619 ,
87 552 130 629 ’Ψ
145 554 217 621 ‘W‘
243 548 410 629 obscurantis
429 548 606 621 esi-omnem
627 544 979 624 splendore-m'·-lronestatia
997 588 1007 615 ,
1028 562 1067 605 ne
1084 544 1120 605 di·-

91 605 163 651 ³³⁸⁸·
243 639 305 683 cam
322 626 498 702 inquinatus.
518 624 747 703 tentassem,
766 622 815 699 qur
835 622 901 681 cum
922 620 940 680 a
960 622 1120 698 Peripateti-

236 704 281 761 cis
307 705 337 758 dt
358 701 534 776 tt'cademicia'
553 703 649 761 omnia
663 696 870 769 transtulissent,
890 697 1117 760 nominibusaliit

240 781 351 837 'easdem
368 796 408 837 res
421 777 506 838 secuti
516 769 587 837 sunt.
624 778 690 837 Hos
702 780 800 837 contra
813 774 935 851 iugulos
944 776 1005 835 diet
1021 776 1117 852 estune}

240 855 300 914 liua.
319 855 364 913 sed
378 860 470 924 n'rtnc,
490 854 567 931 quod
581 854 695 930 agimus.
715 854 751 914 de
763 852 813 913 illis
825 852 891 912 cum
901 852 1059 911 ¹u'ulemur.
1108 853 1113 862 '

196 957 230 1015 23
279 932 436 992 Democriti
446 926 541 1005 autem
556 930 704 1006 securius,
724 934 789 1007 quae
811 930 849 988 'esl
870 929 962 1017 animi
976 930 1113 1007 tamquam

90 1016 220 1079 sappetlat
242 1010 435 1085 tranquillitas,
455 1024 539 1083 quam
554 1006 567 1051 f
576 1005 713 1083 appellint
738 1006 861 1075 eltvptav
875 1048 885 1073 ,
899 996 955 1065 τὸ.
975 1004 1114 1085 separauit

92 1083 188 1133 ‘svs'-
236 1086 296 1143 -suit
318 1086 352 1142 ab
372 1086 430 1142 hac·
438 1084 645 1162 disputatione,
671 1084 736 1160 quia
764 1082 811 1143 isla
832 1081 924 1141 animi
944 1082 1115 1161 tranquillini

236 1168 275 1219 'ea
289 1161 342 1235 ipsa
357 1160 395 1219 est
409 1162 487 1219 beata
502 1158 566 1231 iim.
604 1158 754 1237 qtaae'ririrus
766 1162 860 1239 auten't
876 1204 884 1228 ,
905 1160 1057 1237 non'quae
1074 1154 1116 1229 it‘,

243 1230 291 1296 sed
305 1238 386 1296 unde
407 1235 448 1301 stt,
475 1237 545 1310 -Jtm
566 1236 686 1313 explolae'
712 1237 865 1313 ejeciaeque
887 1235 1042 1314 senpentiae
1060 1236 1117 1314 ryt-

246 1316 355 1382 rhonis,
376 1314 661 1389 Aristonis‚,Her1lli,
681 1312 761 1400 quod
774 1315 802 1373 in
817 1315 893 1372 lune
908 1306 1014 1373 orbem
1024 1328 1116 1390 ‚quern

244 1390 523 1467 circumscripsimus,
549 1390 671 1451 incidere
693 1396 753 1452 n'on
783 1388 895 1465 poffimt
909 1392 936 1460 ',²
956 1387 1115 1471 adhiliendae

245 1466 366 1527 omnino
382 1469 576 1527 non'fuerunti
596 1481 679 1547 'num
694 1467 759 1545 cum
774 1468 868 1526 ominis
879 1468 946 1525 lraec
959 1464 1115 1544 qutesliode¹

243 1542 358 1609 finibus,
378 1547 408 1601 ὅτ
421 1544 496 1621 quasi
511 1544 546 1604 d'e
562 1538 693 1604 extremis
703 1544 844 1603 bonorum
860 1544 890 1610 &
905 1544 1068 1613 malorum,
1083 1540 1113 1600 ab

244 1639 280 1679 eo
300 1620 484 1697 proficiscatur
497 1641 511 1691 ,·
526 1623 604 1699 quod
621 1622 737 1688 dicimus
757 1634 864 1686 naturae
887 1615 945 1681 esi'e
967 1628 1064 1697 aptum
1086 1612 1113 1677 tt

243 1698 509 1767 accommodatum,
528 1699 662 1775 quodqu'e
676 1698 763 1773 ipsum
778 1698 827 1773 pei
847 1696 1024 1773 septimum
1039 1712 1115 1773 appt-

243 1787 331 1832 tatur:
351 1776 407 1834 hoc
421 1786 512 1833 totum
528 1777 561 1849 ὃς
575 1776 595 1835 ii
607 1774 725 1844 tollunt,
745 1775 797 1854 qui¹
807 1774 934 1851 in'rebus
948 1774 996 1856 ips,
1013 1774 1042 1848 in
1055 1772 1114 1849 qui:

94 1859 191 1928 gqnod
243 1848 292 1908 bus
306 1851 391 1921 nihil,
410 1852 508 1929 equod
524 1860 644 1911 non-aut
657 1850 821 1921 honestum,
840 1848 888 1908 aui
902 1862 986 1927 turpe
997 1848 1052 1919 fit,
1068 1864 1116 1934 uc:

95 1941 147 1975 non
161 1924 236 1973 namt.
245 1940 312 2003 gant
326 1926 380 1987 esl'e
394 1926 477 1987 ullam
490 1929 616 1999 caullin‘,
637 1927 771 1987 curaliud
785 1927 829 1985 alli
843 1937 1049 2003 anteponatur,
1066 1940 1118 1985 nee

92 1992 157 2082 Ψ·
246 2003 318 2063 inter
332 2024 377 2064 eas
390 2021 432 2063 reu
444 2006 597 2082 quidquam
613 2002 732 2086 omnino
741 2014 837 2080 putant
851 2001 998 2062 intereffe:
1020 2003 1049 2063 dc
1060 2002 1120 2062 l·le-

245 2082 335 2151 tillus,
356 2082 427 2143 srita
441 2081 536 2155 sensit,
556 2082 624 2145 nihil
639 2078 693 2139 esle
708 2082 833 2147 bonum,
853 2092 956 2155 praeter
970 2079 1119 2156 scientiam.

245 2173 363 2217 omuem
378 2156 483 2218 consilii
496 2156 623 2233 capiendi
635 2157 746 2217 caulain
777 2155 1041 2233 'inventionemque
1062 2154 1121 2223 osi*

245 2237 284 2292 cii
304 2234 412 2293 sustulit.
446 2235 522 2303 θὶς,
548 2234 662 2293 exclusa
682 2234 819 2312 sententiis
841 2232 1043 2308 reliquorum,
1062 2231 1122 2291 cnm

248 2322 381 2444 prpprersep
402 2311 476 2391 nulla
498 2308 552 2378 elle
573 2310 670 2389 posint,
689 2312 752 2371 haec
765 2309 1059 2388 antiquot'um'valeat
1078 2319 1124 2369 ne=

245 2403 282 2443 ee
304 2400 380 2446 ee.
414 2401 416 2407 ·
783 2397 786 2403 '
814 2394 817 2399 “
969 2394 973 2400 “

248 2467 251 2477 ’
288 2464 337 2523 ΙΧ.
357 2464 465 2528 Eudo
490 2464 612 2539 inslituto
640 2477 799 2531 ueterum,
834 2480 892 2541 quo
919 2462 1009 2543 etiam
1039 2462 1124 2523 Stoici

203 2550 386 2611 24utuntur‚
412 2541 477 2601 hinc
498 2544 636 2617 capiamus
652 2543 811 2600 exordium.
852 2542 955 2599 Omne·
973 2540 1082 2600 animal
1101 2540 1126 2599 se

99 2628 126 2674 ι’.
146 2624 241 2670 cxxx.
250 2616 338 2692 ipsum
362 2616 471 2695 diligit,
492 2617 546 2677 hac
566 2617 646 2677 simul
665 2634 696 2676 ut
717 2634 809 2677 ortum
832 2617 877 2675 esi'
896 2615 925 2675 id
946 2618 1033 2691 ugit,
1056 2629 1089 2676 ut
1101 2616 1126 2676 se

99 2684 159 2736 ¹²&
176 2682 413 2765 fitnulconsetuet,
432 2692 510 2771 quod
524 2696 570 2753 hic
583 2695 609 2753 ei
623 2696 726 2771 primus
745 2695 781 2754 ad
801 2710 919 2753 omnem
941 2694 1032 2753 vitam
1047 2706 1128 2756 tuen·

101 2758 199 2862 ᾗῇ
252 2770 316 2829 dam
337 2770 471 2846 appetitus
491 2770 507 2831 i
530 2784 625 2830 natura
642 2770 744 2839 datur,
763 2770 790 2829 se
811 2786 842 2829 ut
868 2768 1017 2828 conservet
1044 2774 1127 2846 atqup¹

102 2844 165 2925 ,pis
250 2848 288 2907 ita
302 2848 333 2906 sit
347 2848 497 2917 afficiunt,
517 2861 548 2906 ut
560 2847 667 2922 optime
681 2845 830 2905 secundum
846 2855 976 2904 naturam·
991 2846 1127 2906 affectum

109 2957 111 2963 ·
252 2920 306 2981 esse
321 2924 409 2999 possit.
449 2926 531 2983 Hanc
546 2925 626 2981 initio
641 2924 867 2982 constitutionem
882 2922 1030 2982 confusam
1045 2924 1127 2989 habet

252 3002 282 3059 dc
296 3002 447 3071 incertam,
467 3013 498 3059 ut
511 3000 711 3059 tantummodi>
725 3000 751 3057 se
764 3012 873 3058 tueatur
889 3041 897 3067 ,
918 2999 1127 3087 qualecumque

250 3076 290 3133 sit.
329 3078 374 3136 sed
388 3096 440 3136 nec
454 3077 520 3154 quid
535 3078 583 3146 sit,
601 3094 654 3134 nec
667 3076 732 3152 quid
755 3077 857 3150 possit,
878 3092 932 3133 nec
953 3075 1024 3151 quid
1046 3078 1126 3152 ipsius

251 3164 347 3213 statura
362 3154 409 3221 sit,
430 3156 564 3229 intelligit.
603 3151 677 3210 Cum
692 3168 784 3212 autem
800 3152 927 3229 processit
941 3152 1086 3227 paullum,
1100 3152 1130 3211 δὲ

253 3241 386 3304 quatenus
401 3233 536 3307 quidquid
559 3229 585 3289 sc
599 3232 712 3305 attingat
745 3230 779 3289 ad
800 3231 883 3306 seque
903 3230 1041 3303 pertineat
1069 3246 1130 3305 per-

103 3347 214 3396 ‘habeat
241 3305 356 3379 ,spicere
377 3310 485 3381 erupit,
514 3323 575 3366 tum
597 3307 694 3365 sensim
718 3307 813 3381 incipit
841 3305 971 3381 progredi
1017 3304 1130 3382 seseque

103 3370 157 3468 ξω),
171 3410 246 3463 cans.
253 3384 401 3460 agnoscere
429 3386 459 3445 &
480 3386 639 3463 intelligere.
658 3401 745 3463 quam
758 3384 796 3445 ob
808 3383 918 3447 caulam
936 3378 1130 3464 lichenum,

670 3477 695 3505 -·
854 3478 857 3485 ·
959 3477 963 3489 ’
1043 3474 1132 3539 quem

1124 3530 1133 3557 l'
