2318 3914
28 1942 37 1960 ι
72 1954 78 1959 -
95 1923 220 1970 tioneMS.

150 178 152 187 y
228 112 310 180 2594
369 95 972 162 Tuscun.Drsaurnriouom

229 203 398 280 quidquam,
410 219 458 262 cur
470 202 632 262 incredibilis
644 203 686 261 his
706 204 863 262 animorum
878 205 1005 264 videatur
1019 216 1104 266 aeter·

226 281 316 349 nitas,
336 279 384 338 nisi
399 278 475 356 quod
489 279 741 356 nequeunt,qualis
757 281 864 338 animus
877 279 908 339 srt
923 298 1025 341 vacans
1039 301 1107 341 cor·

229 373 317 431 pore,
337 356 486 430 intelligere
509 358 538 414 &
565 357 734 430 cogitatione
744 357 994 431 comprehendere.
1014 359 1107 434 Quali

82 485 147 526 ,m
231 429 299 489 veto
314 433 481 507 intelligant,
501 432 585 508 qualis
606 431 686 490 sitin
707 431 765 505 ipso
788 448 933 507 corpore,
953 452 1019 511 quae
1034 452 1108 494 con·

83 540 158 587 namu
231 508 381 576 formatio,
400 527 464 584 quae
492 508 678 583 magnitudo,
698 509 745 582 qui
766 507 866 568 locus:
901 520 975 578 ⁸ut,
1004 509 1025 569 fi
1041 512 1107 586 jam

78 581 339 660 nexunpoffent
358 587 386 642 in
408 586 524 643 homine
546 602 603 641 uno
626 585 700 641 terni
721 585 841 654 omnia,
862 604 926 662 quae
940 605 1017 645 nunc
1031 587 1109 647 tetta

232 661 309 729 sunt,
318 662 459 719 casurusne
472 664 499 719 in
510 659 687 734 conspertum
703 660 826 719 videatur
839 665 963 721 animus:
983 681 1019 721 an
1028 674 1106 723 tanta

185 752 189 761 '
233 736 265 796 sit
280 737 336 810 ejus
350 739 484 804 tenuitas,
504 749 534 794 ut
549 737 634 811 fugiat
648 737 746 794 aciem.
946 752 951 763 ¹

152 870 158 891 Ι
187 836 222 895 51
272 812 345 870 Haec
359 826 485 889 reputent
498 813 554 880 isti,
574 813 622 886 qui
638 825 761 886 nogant,
781 813 906 872 animum
923 814 1109 890 finecorpore

236 889 263 950 se
277 888 425 965 intelligere
441 887 523 964 poffe.
546 888 695 957 videbunt,
715 906 799 962 quem
815 889 842 948 in
858 891 915 966 ipso
929 909 1049 966 corpore
1065 893 1109 951 in·

173 1027 180 1039 ,
236 964 365 1040 telligant.
385 967 452 1024 mihi
466 966 597 1040 quidem,
612 978 735 1022 naturam
751 964 836 1023 animi
850 967 993 1035 intuenti,
1014 968 1107 1027 multo

87 1029 182 1081 ¹d⁰m¹
237 1041 372 1101 difficilior
385 1043 502 1101 occurrit
517 1043 648 1116 cogitatio
676 1040 820 1114 multoque
843 1044 999 1112 obscurior,
1020 1046 1107 1120 qualis

88 1095 183 1205 5221ssss
239 1119 345 1177 animus
358 1121 386 1176 in
402 1135 518 1192 corpore
533 1118 579 1187 srt,
599 1130 740 1191 tamquam
756 1119 852 1175 alienae
866 1119 1000 1188 tdomui,
1019 1120 1107 1196 quarn

90 1218 173 1277 nans.
239 1194 340 1270 qualis,
360 1194 422 1252 clim
438 1196 533 1253 exierit
564 1199 594 1254 ὃ(
614 1194 641 1250 in
657 1194 772 1251 liberum
788 1195 905 1264 caelum,
920 1195 1016 1272 vquan
1033 1196 1109 1255 ¹do-

90 1295 183 1331 vram·
240 1286 320 1328 mum
334 1271 428 1340 luam,
443 1272 558 1330 venerit.
597 1269 666 1327 rnrsr
681 1271 774 1337 enirn,
795 1270 872 1345 quod
895 1289 1051 1346 numquam
1068 1275 1109 1332 vi·

90 1357 165 1418 ‘1⁰3⁰‘
181 1340 231 1389 MS.
242 1347 349 1415 dimus,
368 1347 396 1404 id
411 1347 491 1422 quale
506 1347 537 1404 sit
554 1391 562 1419 ‚
581 1346 730 1421 intelligere
751 1363 808 1404 non
829 1344 993 1421 poffumuS,
1014 1347 1109 1417 certa,

38 1447 40 1453 ·
91 1423 108 1457 ⁸
123 1403 210 1513 ¹¹¹3..
243 1425 272 1482 &
286 1422 369 1487 deum
384 1424 488 1498 ipsum,
508 1425 537 1481 ὃ(
551 1426 676 1483 divinum
698 1422 847 1490 animum,
874 1440 991 1497 corpore
1012 1425 1109 1483 libera-

92 1484 319 1597 ssffffMss'S'tum,
339 1501 527 1574 ²cogitatione
548 1498 696 1574 complent
715 1517 772 1555 non
796 1495 943 1572 poffumus.
983 1499 1109 1558 Dicaear-

92 1609 191 1642 autnon
243 1577 309 1636 chus
323 1577 436 1652 quidem
463 1576 492 1634 &
516 1577 714 1642 Aristoxenus,
744 1575 807 1650 quia
828 1574 940 1632 difficilis
969 1589 1028 1634 erat
1050 1577 1108 1635 ani·

93 1658 219 1708 animalis·
242 1652 298 1722 mi,
318 1652 384 1728 quid
403 1665 450 1725 aut
470 1652 553 1724 qualis
574 1650 638 1710 ellet
665 1649 864 1726 intelligentia,
891 1650 997 1710 nullum
1015 1653 1109 1712 omni-

95 1720 121 1770 fi·
242 1728 281 1786 no
296 1732 420 1787 animuin
437 1725 489 1785 effe
507 1728 643 1787 dixerunt,

116 1862 120 1879 Ι
189 1800 232 1868 ,52
279 1805 324 1862 Est
338 1804 402 1863 illud
417 1804 528 1880 quidem
546 1805 773 1868 arimanniam,
793 1805 887 1862 animo
908 1802 966 1878 ipio
981 1805 1108 1862 animum

94 1877 111 1909 ²
125 1871 207 1920 ‘⁰3⁸¹'
244 1881 358 1939 videre:
380 1883 408 1941 ἃ
424 1881 553 1939 nimirum
569 1883 639 1939 hanc
653 1881 735 1938 habet
757 1881 813 1937 vini
835 1893 1006 1955 praeceptum
1024 1882 1112 1955 Apol-

97 1986 123 2035 &
139 1988 225 2032 pm,
245 1956 329 2027 linis,
349 1977 407 2034 quo
422 1970 543 2027 monet,
564 1972 593 2016 ut
608 1957 633 2015 se
649 1959 764 2032 quisque
786 1957 886 2014 noscat.
925 1974 983 2013 non
1006 1958 1109 2026 enim,

247 2034 348 2102 cred0,
368 2035 396 2093 id
409 2034 554 2108 praecipit,
575 2047 605 2092 ut
626 2033 750 2102 memma
777 2031 866 2092 nostra
908 2045 955 2090 aut
974 2031 1112 2091 flaturam

246 2109 397 2186 figuramve
411 2110 569 2167 noscamus:
589 2128 680 2185 neque
694 2127 744 2166 nos
760 2125 874 2182 corpora
888 2107 996 2166 sumus:
1018 2127 1110 2185 neque

98 2199 206 2249 adicem
248 2206 301 2261 ego
322 2187 371 2244 tibi
392 2187 471 2243 ahaec
493 2184 586 2243 dicens
607 2186 715 2258 corpori
736 2199 785 2242 nro
814 2185 886 2241 dico,
919 2183 983 2241 curn
1013 2186 1112 2261 igitur,

97 2263 144 2312 ¹¹⁰⁶
156 2266 219 2314 Geli·
245 2264 369 2323 noscere
386 2304 394 2328 ,
412 2260 494 2327 uicit,
514 2261 569 2318 hoc
585 2261 673 2327 dicit,
694 2260 775 2317 nosce
789 2262 912 2317 animum
928 2274 1018 2319 tuum.
1045 2280 1111 2321 nam

99 2327 183 2377 Μ·
242 2355 341 2411 corpus
355 2337 468 2412 quidem
494 2337 568 2410 quali
590 2355 634 2394 vas
657 2337 693 2394 eil
720 2354 766 2394 aut
788 2337 898 2411 aliquod
914 2339 1000 2394 animi
1015 2355 1112 2413 recep-

243 2415 375 2473 taculum.
394 2413 427 2468 ab
441 2413 535 2470 animo
550 2427 600 2470 tuo
614 2413 746 2489 quidquid
760 2412 845 2486 agitur
862 2454 870 2480 ,
891 2412 917 2468 id
939 2415 1028 2487 agitur
1042 2411 1059 2470 a
1076 2430 1113 2472 te.

244 2494 318 2549 hunc
332 2491 411 2562 igitur
427 2484 502 2544 nolle
519 2531 527 2556 ,
565 2489 614 2547 nisi
635 2489 760 2546 <livinum
783 2485 871 2554 effet,
900 2506 958 2545 non
974 2486 1042 2547 ellet
1056 2491 1112 2548 hoc

248 2567 356 2627 acrioris
371 2564 511 2642 cujusdam
524 2566 609 2624 animi
624 2578 812 2644 praeceptum,
832 2563 867 2622 sic
877 2607 885 2633 ,
896 2573 924 2618 ⁹9
934 2578 963 2622 ut
978 2565 1113 2624 tributum

1058 2642 1113 2701 deo

276 2813 312 2851 9⁹·
329 2803 362 2842 vt
373 2797 477 2842 tributum
487 2802 532 2842 Deo
538 2797 575 2855 fit.
590 2798 627 2841 hoc
635 2793 678 2853 est,
694 2793 795 2854 seipsum
807 2794 860 2855 ΜΓ(
870 2795 1002 2856 cognoscem]
1031 2795 1112 2860 Frigi-

246 2859 304 2909 durn
319 2863 343 2909 &
360 2857 431 2923 plant
447 2857 656 2922 supervacaneum
673 2859 752 2919 itaque
767 2869 824 2929 puro
840 2853 886 2904 effe
904 2857 1062 2913 tollendum,
1089 2874 1114 2908 ur

247 2921 357 2987 glossam.
390 2925 452 2969 Cum
462 2923 511 2970 hac
525 2923 573 2979 jam
584 2917 718 2974 edidiilem,
733 2917 773 2966 sen
791 2916 818 2967 fit
829 2919 858 2967 ad
870 2933 909 2967 me
921 2922 956 2968 vir
965 2919 1115 2975 doffiffimur

248 2989 274 3035 δι
285 2988 438 3050 integerrima
449 2987 512 3040 vita,
530 2987 661 3033 Germanus
674 2934 802 3030 Genuenls
815 3016 823 3038 ,
839 2982 969 3031 monachus
980 2986 1002 3032 S.
1014 2987 1115 3034 Benedi-

248 3049 298 3105 ἃί,
323 3049 483 3109 conjesturam
503 3046 606 3095 nostram
621 3048 704 3093 vereris
720 3045 773 3092 libri
792 3043 929 3093 testimonio
951 3046 1113 3109 comprobari.

248 3116 275 3160 P.
289 3116 374 3160 Manat.
407 3115 444 3157 Sic
453 3124 478 3158 ut
487 3112 591 3157 tributum
601 3115 647 3154 Deo
658 3108 706 3166 fit,
727 3111 763 3154 lm
777 3105 805 3166 est
817 3109 908 3170 seipsum
917 3109 969 3169 poffe
983 3110 1117 3172 cognoscam]

248 3174 359 3236 Qrinque
368 3188 437 3221 voces
453 3173 579 3236 postremas
590 3169 742 3220 Gloli'ematis
756 3168 870 3218 damnant
888 3172 981 3219 Paullus
994 3175 1117 3222 nlauutius

249 3239 274 3285 δι
286 3241 316 3286 D.
329 3236 464 3284 Lambinus.
496 3235 636 3297 Refragatur
652 3232 723 3296 lanus
739 3231 896 3290 Gebhardus,
913 3232 1054 3283 doutffimo
1066 3240 1117 3286 viro

249 3297 287 3347 lric
303 3302 328 3346 δι
345 3298 430 3359 ubique
451 3299 521 3346 nirnis
536 3301 608 3360 quam
624 3308 726 3360 parerat
742 3297 775 3344 ini
794 3311 848 3344 uus:
864 3295 881 3344 fi
895 3297 960 3344 enim
972 3299 1012 3346 vul
1031 3310 1072 3348 ata
1082 3301 1116 3347 le·

249 3360 299 3411 &io
314 3361 376 3410 reste
391 3360 413 3410 se
427 3359 511 3432 habeat
528 3394 536 3418 ,
556 3358 613 3409 naso
628 3371 704 3430 careat
722 3311 811 3409 netolic
823 3358 875 3415 eil,
892 3359 934 3424 qui
945 3314 1059 3409 Οἰοίῐξηι
1070 3377 1117 3411 non

250 3423 315 3482 oleta
330 3437 359 3474 ea
369 3437 393 3474 re
409 3436 523 3475 variantes
534 3423 647 3476 lettioner
659 3419 787 3486 videamus,
808 3421 900 3478 colon.
926 3423 965 3472 δὴ·
976 3437 1001 3472 ur
1011 3425 1118 3475 triburam

1074 3493 1118 3536 Dra
