2318 3914
206 134 286 220 2362
404 121 917 193 DuFru.Bon.urMna.
998 164 1017 172 --

207 234 236 297 se
257 235 444 313 expetendam
466 232 519 294 effe
541 235 692 305 dicemus,
717 235 764 295 sed
785 238 848 314 quia
870 254 975 313 pacem
990 239 1087 300 animis

206 313 319 382 afferat,
339 315 369 372 ὅ(
383 331 432 372 eos
449 312 525 389 quast
545 310 696 371 concordii
715 314 834 389 quadam
863 315 957 388 placet
981 333 1021 381 ac
1054 318 1090 376 le·

207 392 274 450 niat.
312 390 512 466 Temperantia
527 390 564 447 cst
578 390 678 458 enim,
698 407 762 464 quae
784 392 811 448 in
829 391 907 447 rebus
931 404 981 449 aut
1004 410 1089 468 expc-

208 467 316 535 tendis,
335 478 382 524 aut
396 465 556 542 fugiendis,
576 467 710 523 rationem
733 478 764 524 ut
797 466 946 541 sequamur
979 482 1091 531 mouet.

210 561 265 602 nec
278 542 354 601 enim
370 542 429 602 satis
445 541 482 599 est
498 541 644 617 judicare,
664 541 731 618 quid
755 542 912 600 faciendum
931 552 948 614 ,'
962 562 1029 603 non
1050 546 1088 603 fa·

211 619 379 678 ciendumve
392 618 440 677 stt:
460 618 506 676 sed
519 618 585 676 ilare
599 617 682 676 etiam
697 630 808 693 oportet
822 620 850 676 in
871 637 906 677 eo
923 662 932 689 ,
955 621 1042 696 quod
1059 620 1087 679 fit

207 695 372 771 judicatum.
410 695 532 771 plerique
547 705 658 763 autem,
672 693 749 768 quod
775 708 869 752 tenere
893 707 983 771 atque
999 697 1087 755 serva·
1120 706 1123 717 “

211 788 241 830 re
255 772 300 839 id,
321 770 397 848 quod
411 770 576 839 statuerunt,
596 788 656 828 non
669 767 795 843 poliunt,
814 770 879 828 vieti
894 773 925 828 bc
941 771 1085 841 debilitati,

212 846 320 922 objecta
334 846 422 923 specie
438 847 601 921 voluptatis,
620 846 730 903 tradunt
743 846 768 903 se
781 846 936 906 libidinibus
952 849 1085 908 constrin-

188 942 192 949 ’
213 924 342 999 gendos,
361 921 390 976 ⁶5
398 939 474 993 nec,
494 923 561 998 quid
582 934 747 981 euenturum
775 921 830 990 stt,
850 923 1036 996 provident,
1054 924 1084 983 ob

213 1016 331 1074 eamque
346 999 453 1057 caulam
468 1010 579 1074 propter
595 998 765 1073 voluptatem
780 1000 941 1072 &parvam
970 1003 1005 1059 &
1032 1008 1084 1061 nod

212 1072 405 1144 neceffariam,
426 1076 455 1133 ὃ(
470 1092 535 1151 quae
550 1074 595 1131 vel
607 1075 683 1133 aliter
697 1085 856 1148 pararetur,
877 1076 989 1151 &qua
1006 1080 1083 1137 etiam

212 1167 304 1209 carere
317 1150 425 1226 pollent
439 1148 495 1209 fine
509 1150 624 1218 dolore,
643 1162 704 1208 tum
718 1151 747 1208 in
762 1150 874 1208 morbos
887 1168 1009 1224 graves,
1028 1166 1083 1213 tum

210 1226 241 1284 in
254 1226 371 1295 damna,
391 1239 451 1284 tum
467 1228 495 1285 in
510 1226 646 1287 dedecora
661 1228 802 1285 incurrunt
817 1246 825 1285 a
854 1226 929 1302 saepe
943 1230 1036 1289 etiam
1052 1232 1085 1289 le·

212 1318 280 1376 gum
295 1303 522 1380 judiciorumque
535 1304 623 1378 poenis
639 1303 799 1376 obligantur.
1030 1322 1034 1327 ·

165 1377 202 1449 48
215 1422 219 1433 .
252 1382 312 1454 Qui
326 1391 420 1436 autem
435 1380 472 1437 ita
487 1381 540 1437 frui
555 1379 652 1437 volunt
666 1378 849 1453 voluptatibus
865 1421 873 1447 ,
893 1392 927 1439 ut
941 1380 1014 1440 nulli
1027 1398 1083 1500 gro·

63 1457 82 1506 d
94 1468 178 1532 geuene
216 1466 278 1529 pter
292 1473 336 1513 eas
344 1454 453 1514 dolores
466 1455 681 1531 consequantur:
691 1456 775 1531 &qui
785 1455 865 1513 suum
875 1456 1022 1530 judicium
1048 1474 1084 1515 re·

63 1521 112 1567 ‘'u-
213 1532 319 1599 tinent,
337 1548 376 1589 ne
390 1531 530 1607 voluptate
545 1532 611 1589 vidi
624 1532 725 1589 faciant
740 1529 785 1599 id,
799 1531 877 1606 quod
888 1532 1018 1593 sentiunt
1030 1550 1082 1593 um

215 1604 269 1664 eise
284 1607 458 1666 faciendum:
478 1609 507 1665 hi
522 1607 691 1681 voluptatem
708 1609 858 1665 maximam
882 1609 1081 1684 adipiscuntur,

83 1684 175 1734 MIX-
214 1683 449 1759 praetermittenda
463 1683 614 1758 voluptate.
653 1681 741 1742 lidem
758 1683 841 1740 etiam
861 1683 995 1745 dolorem
1017 1684 1081 1759 saepe

212 1760 419 1835 perpetiuntur,
438 1776 498 1828 ne,
518 1760 538 1817 fi
552 1760 579 1818 id
600 1777 659 1817 non
676 1759 794 1827 faciant,
814 1759 940 1819 incidant
953 1763 986 1820 in
1001 1763 1082 1837 majo·

211 1852 281 1893 rem.
319 1836 363 1894 Ex
376 1853 434 1912 quo
447 1835 628 1911 intelligitur,
648 1851 700 1893 nec
714 1836 958 1910 intemperantiam
976 1849 1080 1914 propter

211 1909 239 1968 se
254 1911 413 1987 fugiendam
429 1909 498 1969 else:
519 1912 785 1986 temperantiamque
800 1913 1009 1987 expetendam,
1027 1930 1079 1973 non

212 1988 278 2063 quia
292 1990 446 2063 voluptates
460 1988 563 2062 fugiat,
582 1987 627 2044 sed
642 1987 705 2062 quia
721 1989 840 2063 majores
854 1988 1049 2066 consequatur.

163 2072 201 2131 49
251 2063 316 2122 XV.
336 2064 472 2136 Equam
492 2063 657 2122 fortitudinis
671 2064 741 2122 tatio
755 2066 912 2138 reperietur.
950 2084 1020 2125 nam
1038 2082 1082 2125 ue·

213 2155 270 2214 que
283 2140 408 2197 laborum
423 2139 579 2214 perfundio
595 2182 603 2208 ‚
623 2144 715 2214 neque
730 2140 863 2214 perpeffio
877 2140 1082 2218 dolorum,per

62 2210 181 2290 eaffidpi·
213 2215 240 2273 se
254 2214 309 2288 ipsa
322 2215 419 2273 allicit:
439 2230 493 2273 nec
507 2216 636 2291 patientia
651 2256 659 2282 ‚
679 2232 732 2273 nec
745 2216 929 2275 eaffiduitates
945 2258 955 2284 ‚
975 2235 1032 2277 nec
1045 2217 1082 2275 ri·

63 2278 160 2329 ‘We
212 2290 301 2365 giliae,
322 2306 375 2347 nec
389 2308 420 2348 ea
434 2290 489 2365 ipsa
505 2333 513 2358 ,
532 2309 596 2367 quae
609 2291 748 2359 laudetur,
769 2290 920 2361 industria,
948 2312 987 2352 ne
1008 2292 1081 2353 forti·

211 2364 281 2423 tudo
295 2365 425 2441 quidem:
446 2367 492 2425 sed
505 2367 551 2425 illa
564 2367 720 2442 sequimur,
740 2380 771 2424 ut
785 2367 841 2426 fine
864 2384 930 2425 cura
951 2383 1082 2447 metuque
1110 2440 1113 2445 Ι

212 2442 363 2499 vivamus:
404 2443 586 2519 animumque
613 2445 643 2501 &
670 2452 792 2518 corpus,
819 2456 956 2519 quantum
979 2446 1082 2505 efficere
1110 2452 1113 2459 '

210 2516 359 2591 poffimus,
381 2517 503 2576 molestii
526 2521 679 2578 liberemus.
719 2523 760 2577 Ut
787 2522 873 2578 enim·
885 2522 1082 2580 mortis·metu

210 2594 304 2650 omnis
318 2595 421 2669 quietae
434 2597 501 2653 vitae
514 2596 594 2654 status
608 2594 792 2669 perturbatur:
809 2598 839 2654 &
852 2607 900 2664 ut,
920 2596 1097 2657 succumbe·
1112 2594 1116 2603 '

210 2682 241 2725 re
254 2668 394 2727 doloribus
409 2713 417 2739 ,
457 2689 561 2748 eosque
574 2672 672 2730 humili
687 2672 782 2729 animo
810 2670 1011 2761 imbecilloque
1034 2675 1082 2733 fer·

209 2758 258 2812 re,
278 2745 406 2804 miserum
422 2746 481 2814 est;
503 2748 540 2805 ob
555 2765 673 2822 eamque
689 2747 855 2805 debilitatem
884 2750 972 2808 animi
1009 2749 1084 2809 multi

210 2834 359 2894 parentes,
393 2823 472 2880 multi
493 2824 621 2890 amicos,
648 2824 772 2880 nonnulli
794 2825 933 2896 patriam,
962 2825 1083 2902 plerique

47 2908 75 2965 ,ἱ
92 2906 201 2973 prodide·
211 2908 304 2955 autem
319 2898 345 2955 se
359 2897 429 2973 ipsos
442 2900 549 2972 penitus
563 2897 576 2938 f
579 2898 770 2971 perdiderunt,
791 2898 966 2959 licrobustus
979 2904 1085 2961 animet

60 2976 171 3024 mutarit.
214 2972 245 3030 ὃ(
263 2973 382 3033 excelsus
409 2975 489 3033 omni
510 2973 547 3033 est
568 2972 636 3032 liber
649 2972 678 3014 ⁶⁶
686 2990 750 3033 cura
771 2975 800 3033 &
829 2990 952 3050 angore,
972 2974 1087 3037 cum&

1015 3072 1087 3115 11101·

241 3260 279 3309 65.
296 3252 339 3300 Nee
347 3256 402 3317 quid
411 3266 563 3309 proventurum
570 3257 601 3315 fir
612 3258 747 3318 provideam]
762 3261 806 3303 Nec
829 3257 869 3301 aid
883 3268 948 3319 pom
959 3274 1089 3314 eventurn

205 3315 236 3375 fit
248 3317 362 3376 provident
378 3316 464 3379 legitui
479 3321 504 3367 in
521 3320 693 3381 manuscripto,
709 3322 734 3367 dt
750 3316 800 3366 sine
810 3270 883 3367 gabio
895 3324 993 3375 melius.
1012 3326 1086 3386 vah.

208 3379 308 3428 Palatini
319 3376 388 3427 codd.
400 3393 482 3442 praeter
495 3382 734 3445 primuni'exltibent,
750 3395 914 3441 proventurum.

238 3449 276 3491 ⁶6.
295 3447 350 3491 cura
360 3444 386 3497 ὰ·
397 3458 471 3505 angore
481 3477 490 3504 ‚
505 3461 554 3495 cram
564 3448 591 3501 d·
602 3448 835 3509 mammaemammal
848 3448 909 3499 Sene
921 3445 948 3499 in
960 3446 1003 3501 his
1014 3446 1088 3501 verbu

1017 3526 1086 3564 men·
