2318 3914
217 134 428 251 ¹'Iirrrnu
471 161 778 245 Qunnrus.
865 192 948 257 23¹9

65 288 137 331 mus.
173 273 265 348 itaque
285 268 388 328 medici
409 267 481 343 ipsi,
509 288 630 347 quorum
652 274 781 333 intererat
799 290 831 331 ea
846 272 934 340 nnlse,

67 363 256 424 aperuerunt,
282 345 337 404 hut
358 342 524 404 viderentur.
561 348 592 388 ⁶0
600 367 652 407 nec
680 368 716 407 eo
746 363 839 409 tamen
858 353 961 425 ajuntlr
977 377 1042 417 uren

66 426 192 499 empirici
206 424 316 495 notiora
339 418 392 478 elle
412 422 455 479 illa*
470 442 477 479 :
497 424 562 498 quia
577 424 656 498 poffit
676 424 734 484 lieri
749 469 758 494 ,
777 426 802 466 ⁶¹
815 441 844 485 ut
858 441 932 501 pate·
944 427 991 479 vid
1003 433 1054 481 arri

66 502 138 560 saiia
173 503 203 559 ὅ(
235 498 344 559 ἀεῑεέία
367 510 516 559 mutentur.
555 501 609 577 bed
636 503 736 577 ecquid
757 506 1069 575 nos.eodernp,m1,

66 577 156 635 modo
172 592 264 635 return
279 586 386 643 naturas
401 575 553 648 persecare,
573 579 693 651 aperire,
714 578 836 636 dividere
845 578 933 653 pollu-

65 666 145 721 mus,
167 668 197 711 ut
212 652 374 717 videamus,
394 662 461 707 terta
476 654 620 725 penitusne
643 653 731 711 delira
753 652 784 711 fit
805 656 840 725 ¹dr
863 655 938 731 quali

64 730 201 787 radicibus
216 729 267 785 suis
280 728 399 795 haereat,
419 727 460 784 in'
470 728 560 787 media
573 730 713 803 pendeat?

106 805 234 863 Habitari
248 805 284 861 ait
298 803 482 876 Xenophanes
495 804 524 863 in
538 804 618 873 luna,
638 824 755 882 eamque
771 802 824 865 ell'e
838 821 935 867 terrain
953 804 1003 885 12'3

65 881 219 938 multarum
234 880 341 936 urbium
361 878 555 938 &montium
589 896 715 955 portenta
728 883 871 943 videntur:
892 884 937 943 sed
1047 930 1052 942 .

66 969 167 1014 tamen
182 973 272 1032 neque
288 954 331 1012 ille
346 995 355 1023 ,
373 956 423 1029 qui
436 955 528 1025 dixit,
545 957 636 1032 jurare
652 957 744 1049 pollet
765 962 807 1018 ita
827 959 853 1018 le
877 974 938 1017 rem

65 1033 196 1103 habere,
229 1040 319 1108 neque
347 1046 410 1105 eg0.
454 1032 598 1093 ⁶2·N0nne
628 1047 711 1094 etrum
745 1035 857 1105 dicitis,
885 1033 942 1169 {ssee

905 1122 916 1164 ³

103 1305 142 1346 6ο.
160 1303 201 1345 Nee
210 1314 231 1343 er
242 1306 313 1343 temen
322 1298 425 1354 nitentem
439 1299 501 1344 iririr
509 1300 592 1345 surim
602 1298 644 1344 iila
654 1331 661 1354 ,
676 1303 730 1360 quin
741 1332 748 1355 ,
760 1303 818 1360 ire]
843 1300 940 1352 Videtur

74 1359 203 1425 legendum
220 1355 266 1408 effe
281 1362 397 1420 empirici,
419 1308 468 1408 idne
482 1360 560 1409 littera
570 1377 597 1416 r,
618 1362 642 1411 ἃ
660 1361 693 1409 ita
708 1364 941 1428 interpungendum:

68 1431 115 1471 Nec
126 1440 147 1471 co
157 1439 227 1471 remen
236 1425 298 1475 ajunt
310 1424 407 1484 empirici
417 1427 500 1470 notiora
511 1424 547 1485 effe
557 1425 671 1486 iiln,qrrra
680 1426 724 1475 irc.
742 1432 795 1475 Hoc
801 1442 880 1475 aeirem
889 1443 942 1476 em·

68 1487 196 1548 piricorum
211 1497 396 1547 augumentum,
434 1500 465 1533 uo
481 1501 606 1549 corporum
625 1482 787 1537 disertionem
804 1488 939 1554 supervaca-

69 1552 143 1596 neam
155 1550 181 1598 de
197 1563 284 1597 vanarn
300 1543 347 1598 else
365 1560 427 1596 cona
444 1562 511 1597 antur
533 1548 675 1604 ostendere,
707 1554 802 1613 ponitur
813 1552 827 1600 ir
840 1553 936 1600 Galeno

71 1611 155 1659 multis
170 1613 195 1659 in
209 1611 268 1658 locis
278 1642 286 1665 ,
297 1604 333 1659 ⁸&
349 1607 363 1657 i
380 1612 495 1659 Cornelio
512 1610 583 1659 Celso
598 1614 622 1659 in
638 1615 777 1676 prooenrio,
792 1616 857 1671 cuius
867 1615 938 1663 verba

72 1674 123 1721 haec
134 1671 198 1730 sunu
214 1676 279 1723 Nam
291 1672 413 1729 colorem,
429 1673 552 1730 laerorem,
569 1676 711 1729 mollitiem,
723 1676 831 1725 duritiem
842 1677 938 1725 limilia·

73 1750 122 1796 que
132 1736 213 1784 omnia
223 1750 273 1783 non
289 1732 336 1783 elle
353 1735 411 1783 ralia
426 1736 499 1785 inciso
514 1751 631 1800 corpore,
647 1739 727 1799 qualia
738 1741 830 1801 integro
841 1738 938 1790 fuerint.

73 1799 194 1859 quintum
204 1796 339 1861 corporibus
354 1799 491 1853 inviolatis,
512 1799 559 1847 bec
571 1814 652 1848 tamen
670 1813 752 1860 metu,
770 1801 873 1856 dolore,
889 1805 939 1850 ine·

72 1861 128 1915 diri,
145 1860 274 1917 cnrditate,
288 1858 436 1917 lassitudine,
451 1862 519 1909 mille
530 1863 581 1910 aliis
593 1863 748 1911 mediocribus
765 1859 884 1913 incuruo
901 1863 942 1913 se·

70 1940 104 1990 pe
115 1937 252 1980 murentur,
268 1923 345 1972 multo
356 1924 433 1985 magis
443 1922 567 1973 verisimile
576 1922 634 1980 else,
650 1926 760 1974 inreriora
771 1960 779 1982 ,
795 1927 877 1989 quibus
889 1942 942 1975 rna·

73 1990 114 2046 jor
124 1987 256 2040 mollities,
272 1986 313 2033 lux
328 1982 377 2049 ipsa
392 1991 455 2035 novi
471 1984 518 2044 fit,
544 1986 582 2035 snb
598 1986 737 2051 grarittirnis
758 1988 890 2039 vulneribus
915 1993 941 2038 de

72 2047 123 2112 ipsa
133 2047 289 2098 trucidatione
301 2049 405 2096 murari:
433 2063 509 2110 neque
529 2051 656 2113 quicquam
672 2048 718 2098 effe
736 2050 845 2108 stultius,
869 2051 944 2114 quim

74 2113 150 2177 quale
160 2110 264 2174 quidque
281 2113 337 2159 vivo
353 2110 512 2167 bomineest,
535 2113 583 2161 tale
599 2113 731 2162 eriltimare
746 2111 792 2162 effe
809 2115 945 2168 moriente,

74 2177 129 2224 imo
141 2175 188 2231 ianr
200 2186 303 2223 mortno.
319 2173 393 2232 vrfin.
425 2178 532 2235 Empiriri
541 2180 623 2223 norinra
635 2177 691 2235 effa]
706 2177 742 2224 aie
753 2176 887 2225 emendavit
899 2177 946 2240 pri·

76 2239 151 2288 mirus
162 2236 282 2297 Turnebus
297 2235 338 2285 lib.
350 2251 416 2285 xrrx.
436 2251 487 2301 cap.
502 2247 537 2285 18.
562 2237 655 2289 Advers.
669 2239 761 2302 nequis
772 2239 891 2288 Lambino
903 2236 947 2286 ad·

76 2300 175 2357 scribat,
191 2298 233 2349 fibi
243 2299 267 2348 id
278 2301 404 2362 arroganti.
438 2305 468 2348 Er
483 2298 539 2349 verb
551 2301 584 2349 ira
594 2300 697 2351 scribitur
720 2305 745 2351 in
763 2307 785 2351 S.
798 2304 898 2352 utereris
916 2303 947 2348 li·

78 2363 132 2412 bro.
149 2378 199 2411 non
209 2366 330 2424 empiricis,
346 2376 371 2409 ur
382 2361 432 2412 fere
444 2365 557 2426 vulgatur.
583 2363 656 2430 ‚quod
666 2363 721 2413 ciem
738 2365 764 2414 δι
775 2365 842 2415 restet
851 2367 877 2413 in
888 2364 946 2414 rell.

80 2424 211 2475 videndum
223 2440 253 2474 an
266 2440 316 2474 non
325 2423 410 2482 fiterir,
424 2430 520 2488 empirici
529 2430 557 2473 iis
567 2430 650 2475 notiora
660 2432 704 2479 tre.
723 2431 816 2477 Gruter.

113 2497 151 2538 61.
166 2495 199 2536 vr
213 2488 321 2551 parefaiia
330 2489 355 2539 ir
372 2489 450 2535 dneiia
459 2497 592 2546 murenrun]
607 2492 725 2538 volumen
737 2494 758 2538 S.
770 2489 871 2539 Vibioris
882 2524 898 2546 „
907 2490 950 2535 de—

74 2554 154 2613 jnio,
171 2550 235 2616 quod
253 2549 313 2600 milri
326 2550 422 2615 placet,
444 2551 498 2599 lieet
510 2552 617 2601 maluerit
629 2554 770 2613 Gulielmius
781 2553 904 2602 reformari
919 2553 947 2600 in

81 2617 180 2669 dirieiia.
198 2612 312 2663 hedenus
319 2624 414 2675 recepta
424 2629 473 2662 vox
482 2613 625 2678 inepriffima
635 2615 676 2664 est.
709 2617 776 2667 Idem,

116 2687 153 2727 ει.
171 2684 242 2725 Nonne
252 2681 317 2724 erim
327 2676 400 2722 diriris
409 2708 417 2730 ,
427 2677 464 2738 effe
476 2677 487 2724 ι’
500 2682 580 2739 regione
596 2681 653 2737 ira]
667 2680 762 2727 Nonius
775 2712 783 2736 ,
802 2678 844 2739 qui
860 2678 949 2741 protere

86 2738 150 2788 laune
160 2740 259 2799 locum,
275 2739 314 2788 ubi
325 2739 424 2802 exponit
436 2739 446 2787 i
458 2743 556 2802 regione,
579 2741 633 2789 liris
647 2740 773 2790 confirmer
785 2773 792 2795 ,
808 2755 859 2802 quar
880 2738 950 2787 rerba

81 2803 124 2852 uic
139 2800 162 2849 sn
179 2798 252 2852 ereise
261 2798 390 2851 Lambinus
400 2815 481 2865 putat,
497 2800 581 2851 err-else
594 2805 725 2852 Ciceronis.
748 2816 825 2862 neque
836 2801 950 2864 spariuur,

84 2864 153 2929 quod
162 2818 203 2914 dic
218 2865 289 2914 inane
300 2863 408 2914 relietum
419 2864 501 2913 abillo
513 2864 545 2912 ell
557 2899 564 2922 ,
582 2867 683 2928 relinqui
694 2862 804 2913 debullie.
837 2866 903 2913 malo
916 2876 954 2910 rn-

83 2943 140 2977 men
154 2962 162 2985 ,
178 2928 306 2977 iconrrnrin
319 2940 464 2990 perierem,
482 2927 548 2976 otest
559 2928 585 2976 in
597 2928 664 2976 libris
684 2928 824 2981 Ciceronis,
839 2923 913 2987 quina
925 2939 951 2974 nt

83 2990 155 3040 hebet
167 2990 274 3046 nonius,
284 2995 307 3036 in
317 2992 423 3037 contraria
436 3003 496 3049 parre
510 3004 569 3037 terra
584 3023 591 3045 ‚
604 3001 629 3036 ut
646 2989 674 3039 sit
688 2988 774 3038 eidem
795 2987 899 3036 formuld
918 2987 954 3036 di·

85 3052 170 3109 ἃυω,
186 3052 234 3116 qui
245 3052 256 3099 ι’
267 3056 348 3115 regione
364 3084 372 3106 ,
389 3048 465 3112 fitque
479 3053 609 3112 imiimi<
626 3051 689 3106 illa,
712 3051 758 3113 qui
776 3064 826 3099 tttm
843 3050 900 3111 saepe
917 3051 955 3097 irie
1045 3044 1053 3067 ¹

85 3116 128 3167 sert
146 3129 183 3165 tor
198 3116 277 3165 utitur.
311 3111 444 3177 antipodas
461 3127 564 3170 autem,
590 3128 652 3176 quos
663 3112 713 3161 'iric
728 3114 834 3162 describit
855 3116 955 3169 Cicero,

120 3130 247 3243 tdagoram
258 3174 334 3225 scribii
345 3177 370 3224 in
381 3174 450 3239 ipsius
462 3175 510 3224 vita
522 3176 638 3239 Diogenis
648 3172 694 3229 elle
711 3175 799 3225 dixisse.
832 3178 857 3224 δι
873 3189 954 3223 tnnren

56 3248 60 3253 '
87 3195 152 3290 idem
163 3242 195 3289 ait
209 3241 331 3288 Platonem
342 3240 443 3299 primum
455 3242 578 3290 tirranniar
593 3238 725 3301 appellasse.
760 3255 821 3301 quos
836 3254 901 3301 arque
916 3254 958 3286 nu—

88 3304 171 3352 daiier
183 3303 285 3367 appellat
296 3300 423 3363 inGloffis
438 3301 573 3356 veteribus,
589 3303 750 3364 adnmipeeies,
766 3304 862 3361 quidam
882 3303 955 3364 poe'ra

87 3366 195 3416 Latinus,
229 3362 380 3414 Dodiss'rnaus
390 3363 540 3421 Alexander,
554 3365 595 3424 qui
611 3365 668 3414 virrit
684 3367 789 3428 Septimii
805 3366 885 3414 Severi·
896 3377 958 3412 tem·

87 3443 161 3492 pore,
177 3426 268 3491 fuitque
282 3429 330 3485 eius
342 3428 490 3491 imperatoris
503 3426 638 3483 familiaris,
654 3430 735 3476 auelor
744 3428 777 3476 est
792 3430 816 3476 in
831 3441 957 3475 commen·

86 3492 155 3544 ranis
165 3491 191 3545 in
201 3491 241 3546 tib.
254 3505 272 3543 1.
291 3492 492 3555 ratramnum
502 3488 660 3602 ffrissorelir,
676 3507 707 3541 ne
721 3490 760 3540 lua
775 3489 872 3558 quidem
890 3501 958 3537 erate

520 3555 546 3604 ri
560 3555 601 3603 iii
616 3557 656 3615 i4
927 3565 958 3599 au
