2318 3914
1064 36 1071 65 l

219 115 304 198 κινῇ
407 106 947 213 Aeananirataroutru

216 225 501 300 comprehensionem
521 223 699 304 appellabat,
718 225 836 289 similem
851 226 891 291 'liu
912 225 1011 307 rebat}
1029 220 1104 303 qaae

114 326 116 332 ’
217 320 306 365 manu
319 303 666 384 prenderenturaexquo
677 306 763 368 etiam
778 321 887 364 nomen
897 305 956 365 hoc
969 304 1101 375 duxerat,
1146 368 1151 377 ⁴

30 431 32 442 .
67 396 124 458 uqa
134 402 190 439 cum
218 378 308 439 heum
323 397 359 438 eo
374 381 462 439 verbo
477 381 542 441 ante
556 402 645 443 nemo
658 381 707 443 tali
725 384 755 443 in
778 400 808 448 re
828 381 889 441 usus
904 379 971 442 esset
987 401 996 441 t
1015 379 1102 457 pluri·
1127 380 1129 388 ἱ

68 459 129 512 alfio
189 512 192 517 ,
221 459 330 535 misque
344 457 421 516 idem
435 459 516 543 quvis
528 462 618 520 verbis
633 460 727 538 (noua
741 461 818 520 enim
832 458 953 537 dicebat)
969 457 1034 518 usus
1052 457 1103 522 est.

58 550 68 602 i
101 561 170 599 com·
222 535 301 672 pund
314 546 410 593 autem
426 548 484 599 etat
495 535 573 597 sensu
593 537 841 615 ¹comprehensum
857 579 866 607 ,
885 537 915 597 id
931 535 1024 614 ipsum
1038 532 1105 594 sen*

70 615 179 690 prensum
234 631 284 672 um
298 611 466 688 appellabat,
487 614 518 672 δι
538 614 559 676 st
579 615 617 679 ita
636 626 693 674 erat
714 613 963 690 comprehensum,
982 625 1014 672 ut
1029 629 1103 670 con-

36 761 41 769 ·
56 679 138 735 Μ’
223 689 289 749 velli
301 690 410 750 ratione
423 707 484 748 non
497 688 602 766 posset,
622 690 763 753 scientiam
779 712 787 751 t
808 690 938 751 finaliter
953 732 962 761 ,
981 688 1104 750 inscien-

107 816 113 827 ,
148 816 152 845 p
222 767 292 843 tiam
307 767 492 826 nominabat:
519 784 555 827 ex
570 784 625 844 qua
648 768 784 829 exsisteret
797 770 883 829 etiam
898 767 1014 845 opinio,
1033 781 1102 841 quae

148 848 151 856 '
225 840 291 905 esset
304 843 442 903 imbecilla
461 844 492 906 δι
513 860 579 905 cum
594 843 661 904 salso
675 846 878 922 incognitoque
893 843 1067 904 communis,¹

180 947 215 1004 42
264 922 319 980 Sed
337 923 409 979 inter
430 919 573 983 scientiam
611 923 641 980 &
671 922 841 981 inscientiam
876 917 1107 998 comprehensio·

226 1016 295 1058 nem
308 998 406 1066 illam,
426 1014 511 1073 quam
526 998 607 1069 dixi,
625 996 802 1068 collocabat,
823 1016 943 1074 eamque
960 1014 1053 1074 neque
1072 997 1104 1056 in

226 1076 306 1144 rediit
325 1076 473 1153 nequepin
492 1077 581 1149 pravis
595 1076 757 1136 numerabat
773 1118 781 1144 ‚
800 1074 847 1134 sed
867 1076 917 1135 soli
931 1072 1107 1141 credendum

228 1150 282 1210 esse
297 1151 413 1210 dicebat.
432 1148 449 1208 d
462 1169 521 1227 quo
527 1151 644 1212 sensibus
653 1154 736 1218 etiam
752 1151 837 1213 fidem
851 1151 986 1219 tribuebat
997 1147 1105 1227 ,qudd‚

227 1227 348 1304 utsupra
364 1226 439 1296 dixi,
459 1228 673 1305 comprehensio
688 1228 759 1293 sadla
779 1227 895 1288 sensibus
916 1231 947 1288 dc
963 1244 1035 1287 veta.
1050 1223 1123 1288 esse'

225 1306 264 1364 isli
284 1305 414 1364 &fidelis
429 1304 571 1364 ridebatur
588 1324 596 1366 a
629 1322 690 1366 uon
704 1305 782 1383 quod
798 1308 895 1367 omnia
911 1348 919 1373 ‚
939 1322 1005 1381 quae
1019 1299 1107 1362 essent

227 1384 258 1440 in
270 1400 324 1452 re,
345 1382 616 1457 comprehenderet:
650 1381 698 1441 sed
717 1383 781 1458 quia
803 1384 871 1443 nihil
886 1422 894 1452 ‚
912 1379 992 1458 quod
1006 1379 1105 1439 cadere

163 1502 169 1508 .
226 1459 257 1526 in
272 1475 335 1519 eam
348 1455 460 1534 posset,
480 1458 664 1536 relinqueret,
683 1457 934 1539 quddquenatura
948 1455 1025 1535 quasi
1039 1473 1106 1516 not·

87 1596 90 1604 ἱ
160 1562 162 1567 ·
228 1553 306 1595 mam
330 1535 450 1594 scientiae
471 1538 502 1595 ὃ(
521 1538 688 1612 principium
708 1536 747 1594 sui
768 1534 905 1610 dedisset,
924 1535 1001 1595 unde
1013 1530 1107 1609 postea

78 1634 96 1686 k
112 1631 219 1683 inumb.
230 1613 360 1671 notiones
374 1614 524 1673 rerumkin
539 1613 637 1672 animis
650 1614 890 1689 imprimerentut3
911 1610 1116 1701 equibusnou‘

80 1701 142 1746 aerea.
231 1689 364 1764 principia
377 1688 482 1758 solium,
502 1689 548 1748 sed
559 1690 668 1750 latiores
682 1689 813 1767 quaedam
829 1689 898 1749 trad
910 1701 1050 1749 ranunem
1064 1686 1111 1746 in·

67 1789 71 1793 ·
96 1764 400 1839 p,xnu11.venienda'm
415 1767 470 1824 triae
484 1769 666 1840 reperiuntuu
703 1784 827 1825 errorem
840 1778 949 1835 autem,
973 1767 1003 1824 δι
1016 1774 1113 1838 teme-

140 1870 145 1878 *
232 1843 342 1902 ritatem
359 1885 369 1913 ,
388 1843 418 1900 bc
431 1844 638 1918 ignorantiam,
659 1845 917 1918 &opinationem
936 1845 967 1903 δι
980 1839 1113 1915 suspicio·

233 1938 319 1989 nem,
339 1920 369 1977 δε
382 1936 442 1984 uno
456 1920 574 1978 nomine
589 1922 702 1988 omnia,
722 1937 787 1997 quae
801 1917 886 1980 essent
901 1921 1006 1990 aliena,
1019 1915 1112 1975 firmae

49 2010 53 2019 ·
156 1993 159 2001 ’
178 2009 183 2030 ⁸
234 2000 266 2062 ὅ(
280 1995 427 2055 constantis
440 1994 614 2064 assenfionis,
633 1995 649 2055 a
664 1999 765 2056 virtute
779 1996 963 2074 sapientiaque
978 1998 1117 2055 remove*

235 2073 290 2133 bat.
328 2084 412 2150 atque
426 2072 455 2130 in
475 2074 506 2131 iis
526 2071 586 2132 fere
601 2075 788 2132 commutatio
803 2073 923 2143 consistit
942 2074 1034 2133 omnis
1061 2071 1117 2130 dis·

237 2149 381 2226 senfioque
394 2149 518 2209 Zenonis
534 2149 550 2208 a
565 2149 755 2227 superioribus.

141 2258 144 2263 ·
191 2252 226 2313 43
275 2227 341 2286 XII.
360 2229 453 2302 Qun
475 2225 551 2286 chri
572 2218 700 2286 dixisset?
734 2226 785 2286 ¹Et
804 2226 922 2286 brevitet
940 2224 1004 2286 land
1028 2229 1114 2288 mini·

87 2313 96 2371 1
113 2315 143 2362 ιν
156 2311 211 2373 deest
241 2303 344 2382 me'que
358 2301 470 2360 obscure
485 2303 607 2378 erposrra
621 2306 676 2374 est,
694 2306 828 2380 inquam,
849 2303 927 2374 dte,
946 2305 1062 2376 Varro,
1081 2308 1112 2375 ὃς

86 2377 220 2439 inquitate.
240 2382 341 2440 ueteris
356 2379 519 2439 Academiae
541 2382 610 2438 tatio
636 2381 853 2440 &Stoicorum
880 2399 980 2439 verum
996 2380 1051 2441 effe
1063 2401 1115 2442 au·

72 2439 136 2515 14³⁴
240 2471 300 2519 tem
314 2452 445 2525 arbitror,
464 2468 495 2518 ut
507 2456 652 2516 Antiocho
669 2501 678 2526 ‚
697 2457 791 2516 nostro
803 2457 953 2527 ¹familiari,
973 2458 1118 2534 placebat,

117 2560 120 2564 “
240 2533 445 2593 εοννεᾶἰοηεῐη
470 2534 570 2592 veteris
589 2534 753 2594 Academiae
766 2533 858 2609 potihs
883 2533 970 2611 quam
993 2536 1115 2613 aliquam

219 2658 220 2665 ,
240 2628 347 2675 novam
362 2607 530 2686 disciplinam
543 2610 704 2686 putandam.
725 2635 729 2641 ·
742 2612 829 2670 Tunc
841 2612 959 2681 tram,—
969 2611 1046 2671 Tuae
1053 2613 1117 2675 sunt

240 2705 318 2747 nunc
330 2699 436 2764 partes,
455 2687 562 2763 inquit,
584 2687 610 2742 5⁶
619 2689 668 2765 qui
682 2688 716 2747 ab
729 2688 908 2764 antiquorum
924 2689 1116 2751 rationenunc

174 2826 176 2831 ,
241 2764 362 2834 desciscis
376 2807 386 2836 ,
406 2765 437 2834 ὃς
451 2780 500 2835 ea,
519 2781 585 2842 quae
599 2766 633 2824 ab
647 2762 769 2825 Arcesila
782 2777 886 2831 novata
898 2763 978 2842 suut,
997 2767 1116 2904 prqqu

645 2865 648 2872 .
1084 2863 1120 2904 0,

245 3003 247 3009 Ι
271 3048 310 3107 ςς..
326 3033 372 3081 ΛΑ
381 3034 487 3082 rationem
497 3033 649 3079 inveniendam
658 3032 701 3079 via
709 3010 1117 3106 rrpeqinmur.]qumiruqeLamb.

240 3097 384 3156 conjiciunt,
401 3109 425 3142 νιν
435 3100 574 3163 operiremur.
595 3092 699 3144 fietiam
710 3095 771 3144 maha
787 3093 876 3147 hiscere
891 3097 966 3151 hcet,
982 3092 1061 3142 dream
1080 3108 1119 3140 vr·

242 3160 292 3208 deri
303 3157 369 3225 posse
383 3158 456 3216 illud,
466 3161 611 3232 ννρννίννννννν,
630 3157 737 3208 scholion
749 3157 837 3208 librarii
847 3159 966 3231 alicuiua·
984 3157 1073 3219 absque
1085 3171 1118 3230 eo

242 3221 300 3272 sane
311 3221 614 3286 sententiabelseproeedrt.
632 3220 667 3270 sin
674 3221 840 3280 retinendum,
856 3219 1118 3271 conunnrutfotetht·

243 3284 296 3337 teti
309 3284 537 3349 mutatdscriptum,
551 3287 698 3349 ννρννίννννννν.
732 3289 826 3335 Gruter.
1103 3290 1133 3332 a*

279 3357 316 3406 56.
339 3352 390 3416 ἔζων·
399 3349 425 3393 ab
435 3350 574 3412 antiquorum
584 3351 667 3395 rationo
675 3366 730 3396 nunc
740 3349 855 3411 desciscis.]
868 3349 964 3421 Proque*
974 3380 981 3405 ‚
997 3345 1056 3395 libet
1066 3360 1128 3397 mae

246 3411 375 3490 uuseriptus
385 3412 470 3526 igqft,
481 3428 561 3478 qums
576 3410 640 3463 unde
650 3412 811 3479 eonjedtutam
827 3410 892 3463 satio
902 3408 1049 3470 scribendum
1060 3407 1121 3469 esse,

245 3491 356 3543 WWr
395 3492 467 3539 „¹ss-

250 3548 253 3554 ’
1034 3551 1072 3609 rt·
1088 3539 1121 3596 sit
