2318 3914
221 146 306 212 2424
386 192 390 199 ,
427 124 489 187 De
509 122 599 187 Fru.
620 121 722 187 Bou.
743 136 794 185 tr
817 118 939 189 Mat.

222 235 348 293 4¹Uuo
376 250 470 303 ont,
497 249 564 292 cur
596 250 782 292 ntunrnn
817 245 1110 301 conseruerunt

224 328 413 380 ceurae,
448 326 592 369 norunt
619 328 854 369 inruentum
883 329 1031 372 ruisse
1061 336 1108 377 tt·

157 394 211 460 sut
225 411 245 450 n
255 409 316 448 uu.
354 387 425 446 Idne
438 382 601 447 consensisse
616 387 652 445 de
667 388 795 445 Calatino
809 387 941 460 plurimas
956 404 1061 465 gentes
1071 412 1108 453 at-

223 467 374 535 bitramur‚
393 465 554 540 primarium
568 464 665 539 populi
679 458 858 539 fuisse,qubd
872 462 1108 538 praestantiffimut

223 541 316 604 suisset
328 545 358 601 in
372 540 552 600 conficiendis
561 541 745 615 voluptatibus
754 538 848 615 ?Ergo
863 541 891 598 in
906 541 937 600 iis
946 544 1108 609 adolescen-

224 620 296 679 tibus
309 620 413 677 bonam
428 620 504 694 spem
527 616 580 675 esse
607 617 731 675 dicemus
759 619 789 675 ἃ
804 633 933 691 magnam
959 620 1106 697 indolem,

247 715 298 755 uos
312 696 362 755 suis
377 695 536 753 commodis
550 693 780 763 inservituros‚&
794 692 929 770 quidquid
942 696 1009 772 ipsis
1025 718 1105 777 expe·

225 715 283 833 diat
324 771 444 830 fadiuros
473 770 662 829 arbitramur?
690 788 787 829 nonne
810 768 966 843 videmus]
1001 790 1103 853 quanta

224 848 395 925 perturbatio
409 866 499 906 rerum
516 849 646 906 omnium
661 844 865 924 consequatur?
885 862 991 923 quanta
1006 856 1105 913 consu·

224 924 288 985 fio?
308 926 412 983 tollitur
424 923 612 983 beneficium:
634 924 738 982 toliitur
751 925 852 1000 gratia:
873 926 1025 1000 quaesunt
1050 932 1104 991 vin-

144 1006 149 1013 '
225 1000 470 1061 culaconcordiae.
509 1018 562 1059 nec
585 1001 824 1068 enim,‚s1tuam
848 1000 885 1059 ob
907 1002 1021 1063 causam
1049 1008 1104 1066 cui·

221 1095 310 1212 quam
326 1077 509 1147 commodes,
530 1076 696 1137 beneficium
711 1077 778 1137 iliud
792 1075 952 1136 habendum
976 1080 1042 1151 est,
1060 1082 1102 1143 sed

236 1156 394 1213 ueneratio:
434 1172 487 1213 nec
508 1156 591 1228 gratia
613 1155 706 1212 deberi
728 1154 836 1231 videtur
864 1153 915 1221 ei,
956 1158 1007 1232 qui
1028 1157 1101 1219 suant
1148 1208 1151 1213 .

225 1232 263 1291 ob
277 1230 383 1289 causam
400 1231 632 1289 commodaverit.
672 1228 900 1303 Maximaslverb
925 1230 1047 1303 uirtutes,
1061 1237 1102 1311 ja-

226 1324 289 1366 cere
310 1325 409 1365 omnes
430 1304 536 1366 neceii'e
559 1308 622 1375 est,
657 1306 799 1381 voluptate
821 1306 996 1368 dominante.
1037 1311 1104 1377 Sunt

74 1406 101 1444 m
116 1388 215 1442 honesta
228 1385 313 1443 eriam
327 1385 507 1459 turpitudines
521 1383 664 1459 plurimae,
685 1401 767 1460 quae,
786 1382 837 1441 nisi
858 1382 1012 1445 uhonestas
1025 1398 1104 1451 natu·

75 1457 129 1507 MS·
226 1459 256 1520 ri
270 1461 417 1536 plurimum
434 1461 539 1529 valeat,
560 1477 608 1519 cur
634 1479 693 1519 non
708 1460 807 1519 cadant
820 1462 849 1520 iu
864 1459 1018 1535 sapientem
1045 1482 1103 1525 non

228 1537 266 1597 est
280 1537 360 1595 facile
376 1537 533 1595 defendere.

163 1612 216 1674 118
263 1613 325 1682 Ac,
346 1632 382 1671 ne
403 1614 479 1689 plura
499 1612 668 1689 compiedirr
689 1613 760 1686 (sunt
782 1612 858 1672 enim
878 1613 1100 1693 innumerabilia)

76 1718 94 1754 ο
108 1702 216 1766 volupta·
228 1690 299 1749 bene
312 1691 421 1749 laudata
436 1690 518 1747 virtus
528 1701 543 1731 ⁰
552 1691 697 1763 voluptatis
712 1690 800 1748 aditus
813 1689 980 1751 intercludat
992 1690 1099 1753 necesse

75 1767 159 1825 ticoni·
216 1766 275 1836 ‚est
313 1767 391 1841 quod
402 1768 459 1839 jam
476 1766 491 1823 d
507 1784 554 1825 me
570 1766 723 1841 exspectare
737 1765 804 1824 noli.
830 1776 890 1824 tute
904 1768 1049 1844 introspice
1064 1769 1094 1827 in

74 1830 152 1878 Mb·
228 1855 353 1902 mentem
372 1856 448 1900 tuam
463 1842 517 1917 ipse
536 1863 542 1900 :
564 1860 683 1918 eamque
705 1842 783 1901 omni
806 1843 975 1917 cogitatione
993 1854 1095 1919 pertra-

74 1907 326 2002 ξυξζξωᾶαηε,
347 1919 524 1994 pereuntiare
538 1918 592 1993 ipse
608 1933 654 1987 te,
675 1919 848 1993 perpetuisne
871 1919 951 1979 malis
971 1920 1096 1997 uolupta-

75 2015 212 2070 Μάνης,
227 1996 298 2055 tibus
313 1998 490 2072 rpersruens‚
511 1996 538 2051 in
561 2012 616 2063 ea,
636 2013 720 2071 quam
744 1995 815 2070 saepe
838 1993 1006 2070 usurpabas,
1024 2009 1097 2056 tran-

107 2081 132 2131 Ρ.
154 2081 181 2128 Β.
225 2073 359 2149 quillitate
374 2073 474 2146 degere
489 2088 605 2128 omnem
622 2086 733 2128 aeratem
747 2071 803 2129 stne
816 2070 915 2130 dolore
931 2114 941 2141 ,
964 2072 1099 2148 assumpto

226 2151 309 2206 etiam
327 2149 391 2216 iim,
412 2147 489 2222 quod
504 2165 553 2204 vos
568 2148 682 2222 quidem
698 2149 846 2222 adjungere
860 2147 952 2206 soleris
969 2193 978 2220 ,
996 2150 1098 2209 sedfie-

224 2226 247 2283 ri
262 2244 319 2282 non
345 2226 433 2298 potest
460 2222 516 2280 fine
531 2223 632 2281 doloris
648 2238 742 2282 metu:
764 2241 816 2293 an,
838 2223 901 2282 cbm
917 2224 953 2282 de
968 2227 1097 2287 omnibus

224 2300 350 2375 gentibus
365 2297 472 2375 optime
487 2316 623 2357 mererere
639 2343 647 2370 ,
668 2299 732 2358 citur
749 2318 835 2376 opem
860 2300 1050 2376 indigentibus
1062 2303 1076 2438 ls
1088 2335 1099 2349 ·
1137 2334 1149 2421 p

1071 2397 1100 2439 u-

255 2599 292 2644 41.
309 2591 358 2632 vno
369 2603 417 2640 ονε,
431 2587 467 2631 cui
474 2586 571 2647 plurima
583 2586 711 2646 consentiunt
717 2599 801 2648 gentes,
815 2586 890 2648 popuii
896 2586 1032 2647 primarium
1039 2584 1099 2645 fuis·

219 2649 350 2711 sevirum]
365 2647 467 2696 Fortasse
478 2647 604 2710 legendum
618 2666 624 2695 τ
643 2657 684 2696 Ore
693 2666 751 2704 unu,
768 2665 829 2711 quem
840 2681 848 2703 ‚
860 2649 962 2709 plurima
973 2650 1099 2708 conseminat

219 2725 302 2774 gentes,
316 2715 390 2774 populi
403 2715 531 2773 primarium
544 2712 609 2772 fuiffe
623 2718 706 2760 virum.
741 2711 826 2759 eodem
836 2709 912 2757 modo
923 2710 1049 2774 legerem,
1067 2727 1097 2757 m

223 2790 278 2832 eno,
295 2791 355 2838 quem
368 2809 375 2831 ,
390 2778 490 2836 piurima
501 2777 545 2826 irc.
575 2790 629 2823 cum
639 2789 728 2824 veteres
742 2775 795 2822 iibri
811 2773 850 2821 ulii
866 2772 990 2823 babeantt
1007 2790 1045 2819 m
1059 2790 1097 2821 uer

220 2840 334 2900 plurimu
352 2839 405 2894 atii,
421 2857 455 2883 ore
465 2856 504 2883 una
515 2855 561 2883 cum
569 2841 676 2901 plurime.
710 2836 805 2885 vetburn
817 2848 896 2883 autem
907 2838 998 2883 unicum
1013 2837 1097 2911 opinor

222 2899 279 2950 inde
290 2916 385 2956 narum,
402 2900 467 2962 quod
480 2901 584 2949 librarius
595 2903 619 2948 in
630 2899 782 2950 describendo
792 2894 904 2947 omisisset
918 2931 925 2954 ,
943 2917 992 2956 ore,
1010 2915 1097 2963 cumque

222 2962 380 3020 remansisset,
397 2983 437 3012 uno
447 2981 520 3028 quem,
538 2962 600 3011 unde
613 2965 666 3012 elici
677 2965 791 3012 sententia
803 2962 868 3010 nulia
878 2974 989 3024 poterat,
1008 2962 1096 3012 factum

223 3027 257 3075 esi
268 3032 368 3073 unicum:
386 3040 423 3081 ut,
440 3027 505 3084 quod
517 3028 663 3091 negligenti&
675 3028 838 3081 mutilaverat,
854 3023 1004 3088 impudentia
1017 3025 1097 3090 depra·

223 3102 296 3138 taret.
331 3090 380 3137 ΝἰΓι
392 3090 508 3147 dicamus,
526 3098 573 3145 cui,
590 3105 634 3152 pro
645 3090 674 3139 ad
684 3092 748 3147 cuius
764 3088 880 3144 laudern,
895 3087 1034 3150 usurpatum
1046 3087 1097 3138 esse.

222 3151 288 3214 quod
300 3153 358 3199 mibi
370 3152 465 3215 quidem
479 3169 528 3201 non
540 3152 664 3215 displicet,
680 3155 721 3215 qui
735 3166 784 3200 non
795 3151 895 3200 libenter
906 3150 936 3200 ab
953 3154 1061 3214 antiquis
1069 3151 1097 3200 ti·

221 3212 269 3263 btis
280 3213 397 3263 discedam
423 3222 447 3263 P.
457 3221 544 3264 Manat.
577 3223 625 3263 Uno
637 3234 672 3263 ore
681 3220 718 3263 cui
728 3219 827 3278 plurima
843 3216 997 3275 consentiunt]
1015 3216 1097 3264 Lettio

219 3278 298 3327 miuus
309 3293 369 3326 vera.
403 3280 489 3341 quippe
502 3279 548 3328 Pal.
566 3294 599 3343 pr.
613 3293 688 3344 quart.
707 3279 783 3341 quint.
795 3278 852 3327 sext.
867 3296 906 3324 uno
926 3295 975 3325 cum
990 3280 1096 3339 plurime.

219 3352 272 3389 tert.
292 3347 341 3387 ‘i’no
353 3345 388 3387 cui
396 3344 501 3403 piurima.
517 3343 558 3390 sec.
577 3350 625 3390 Uno
637 3346 784 3390 comrlurs‘ma.
815 3339 1093 3391 Restituendumforsan:

218 3407 314 3451 vnisum
324 3408 419 3463 piurima
431 3406 559 3465 confinitimi
569 3408 613 3457 &a
627 3407 669 3455 Sed
681 3404 738 3466 quid
749 3403 766 3453 fi
780 3404 819 3454 sub
831 3405 876 3452 iilo
891 3421 931 3450 une
948 3421 999 3454 cnm
1014 3405 1095 3453 lateret

212 3480 304 3518 nomen
313 3482 387 3533 porta
401 3468 510 3532 alicujus?
527 3467 650 3535 dispiciant
663 3469 789 3534 acutiores,
821 3470 911 3521 Gruter.
1030 3529 1079 3579 Μ

989 3544 1011 3581 1·
1078 3552 1089 3567 c
