2318 3914
232 116 314 188 2774
371 80 983 193 Tuseun.Disrnrnrrouum

223 216 341 275 'haerens
366 214 533 291 &penitus
545 212 632 274 insita.
670 211 817 293 fimilisqne
830 211 870 272 est
883 210 1011 287 ejusdem
1028 211 1103 287 gene2

193 291 272 360 27ris
285 290 410 352 delinitio
425 291 600 367 reliquarum.
646 288 844 350 Offenfionum
865 299 962 347 autem
977 287 1106 348 defiuitio-
1124 350 1127 359 ,

239 384 289 428 nes
314 367 376 429 sunt
398 367 560 444 ejusmodi,
597 377 629 426 ut
659 366 852 442 inhospitalitas
884 363 918 422 sit
940 365 1040 442 opinio
1066 372 1126 424 ro·

241 444 383 515 hemens,
408 442 488 504 ualde
510 444 673 521 fugiendum
693 439 747 502 effe
762 441 899 519 hospitem
921 483 931 510 ,
960 459 1051 518 eaque
1072 443 1107 501 iu·

240 519 349 580 haerens
376 524 407 581 δι
427 521 534 596 penitus
547 520 632 580 insita.
670 518 848 596 similiterque
862 516 993 576 definitur
1007 519 1038 578 ἂ
1055 535 1108 576 mu-

241 596 341 731 llilerum
354 597 455 686 ‘odium
472 639 480 666 ‚
508 608 539 656 ut
559 596 708 674 Hippolyti
729 596 759 654 &
773 610 804 656 nt
819 595 978 665 Timonis,
1012 594 1110 670 geneis

196 703 198 707 ·
266 690 369 732 umam.

96 747 226 805 :valetud
286 749 350 808 XII.
370 749 509 819 Arous
528 762 559 810 ut
580 751 616 810 ad
636 748 811 808 rvahtudinis
828 747 1038 808 ssmilitudinem
1053 752 1113 805 'rei

97 819 150 869 ‘²⁶¹'-
246 825 341 895 niam,
362 844 451 902 eaque
464 827 612 886 collatione
625 838 736 886 utamur
751 824 923 900 aliquando,
945 824 992 884 sed
1018 821 1112 900 partilis

75 906 82 915 “
97 875 336 1002 {nxffiffqu‘am
350 901 439 962 solent
452 903 552 963 Stoici:
574 903 640 962 ³⁶ut
657 900 717 963 sunt
732 902 777 960 alii
790 901 825 960 ad
838 901 905 959 alios
928 900 1044 960 morbos
1056 916 1112 974 pto·

101 1008 129 1061 p,
142 1006 196 1053 m,
250 979 394 1039 clivioresr
414 979 519 1054 (itaque
552 980 669 1040 dicimus
702 991 728 1033 3⁷
738 977 933 1054 gravedinosos
964 977 1110 1056 quosdam,

251 1054 389 1132 quosdam
412 1056 606 1126 torminosos,
627 1054 721 1116 ³8non
738 1056 802 1130 quia
821 1055 879 1130 jam
902 1052 973 1125 sint,
993 1054 1040 1114 sed
1057 1051 1112 1127 quio
1138 1064 1142 1071 ·

88 1140 114 1180 -t
130 1132 188 1192 ¹²te
200 1126 231 1177 ΓΝ
252 1131 342 1206 tsaepe
355 1131 435 1206 fint:)
455 1132 521 1189 valis
534 1132 569 1191 ad
585 1136 708 1202 metum,
729 1133 774 1189 alii
787 1130 822 1189 ad
834 1130 917 1217 aliam
939 1128 1111 1207 perturbatio·

104 1193 329 1309 2¹³}ffl'·nem.
368 1226 403 1266 ex
419 1225 477 1284 quo
491 1210 520 1267 in
534 1211 590 1268 aliis
603 1209 740 1275 anxietas,
761 1207 834 1266 unde
847 1208 922 1265 anrui
931 1230 940 1274 ;
961 1208 992 1267 in
1008 1206 1110 1265 alissim-

106 1321 184 1367 rama
255 1283 356 1343 cundia
370 1284 484 1354 dicitur,
503 1302 568 1360 quae
582 1286 615 1343 ab
630 1288 667 1344 ira
690 1283 797 1352 differt,
820 1282 914 1359 estque
929 1283 1005 1342 aliud
1019 1284 1110 1342 incun-

256 1358 324 1417 dum
341 1358 394 1420 effe
410 1403 419 1430 ,
439 1361 511 1419 aliud
525 1363 623 1421 iratum
640 1382 648 1421 a
667 1373 699 1421 ut
713 1359 802 1419 differt
822 1361 945 1417 anxietas
965 1360 1001 1417 ab
1014 1370 1109 1435 angore.

108 1452 125 1488 x
138 1449 218 1513 *neque
257 1453 349 1512 neque
363 1440 440 1497 enim
454 1455 552 1497 omnes
565 1439 638 1497 anxii
648 1439 712 1512 ‚qui
725 1447 862 1511 anguntur
875 1435 1110 1511 aliquando,¹nec

109 1504 159 1550 ⁴¹¹⁸·
258 1515 307 1588 qui
321 1516 418 1582 anxii,
437 1514 542 1588 semper
561 1526 722 1590 anguntur:
750 1526 781 1570 ut
797 1513 867 1570 inter
889 1512 1050 1572 ebrietatem
1071 1509 1110 1568 r&

110 1560 252 1689 {33:¹5}
259 1588 442 1649 ebriositatem
458 1588 581 1648 interest:
601 1589 729 1666 aliudque
743 1589 781 1651 est
793 1599 948 1647 amatorem
964 1587 1037 1658 esse,
1053 1582 1110 1648 aliud

237 1684 243 1697 ²
259 1677 410 1723 amantem.
436 1677 518 1743 atque
531 1666 593 1724 haec
609 1667 725 1725 aliorum
741 1666 775 1726 ad
789 1665 855 1724 ahos
874 1664 990 1724 morbos
1004 1663 1111 1741 proclivi·

259 1753 299 1801 tas
314 1741 367 1801 late
381 1754 466 1818 patet.
503 1759 569 1803 narn
583 1744 700 1819 pertinet
721 1743 756 1804 ad
769 1758 868 1802 omnes
881 1743 1110 1877 perturbationesl.n

260 2051 304 2103 nifi
321 2051 385 2115 quod
397 2054 536 2112 Veniunt.
558 2052 666 2117 eornrptd
680 2052 838 2119 representet,
850 2051 912 2114 quast
924 2051 993 2100 valde*
1006 2047 1112 2114 exposa&
1142 2054 1146 2113 l

257 2118 295 2174 fir.
318 2116 389 2179 Janns
412 2116 549 2164 Gebhardus
566 2132 594 2163 ae
604 2118 744 2165 recentiores
761 2114 886 2171 exhibent,
902 2117 965 2176 quast
982 2116 1064 2179 petendo
1078 2112 1112 2171 fir,

261 2194 334 2240 quam
346 2179 442 2242 quidem
452 2177 586 2242 scripturam
599 2195 629 2228 ne
641 2196 699 2228 unus
710 2179 820 2244 quidem,
838 2192 863 2226 ut
876 2177 988 2236 videtur,
1004 2175 1112 2228 confirmor
1144 2184 1149 2241 ς

260 2246 352 2292 Mstns.
382 2247 464 2290 Davi.
819 2288 825 2299 ,

294 2313 332 2360 36.
348 2310 381 2351 Ur
388 2243 493 2365 suracim
501 2307 530 2353 ad
541 2307 596 2352 alios
606 2307 705 2364 morbos]
719 2304 860 2370 Imperfesta
871 2303 1002 2353 similitudo
1014 2321 1021 2353 τ
1036 2299 1114 2369 mamad

262 2368 416 2430 particulam,
432 2381 471 2422 ur,
487 2369 552 2430 quod
565 2366 701 2432 respondeat
713 2370 772 2418 nihil
782 2368 822 2418 est.
838 2368 901 2416 forte
912 2370 945 2416 ita
955 2366 1112 2431 corrigendum.
1137 2396 1150 2445 1.

185 2456 187 2461 ·
263 2436 298 2476 vt
305 2431 355 2490 sunt
366 2434 408 2477 alii
418 2433 447 2477 nd
458 2433 601 2478 aliosmorlror
614 2435 771 2494 procliviores:
789 2436 860 2495 iraque
875 2433 966 2478 dicimur
983 2429 1116 2493 gravedinosos
1148 2438 1152 2451 '

176 2530 179 2535 ,
263 2495 379 2556 quosdam,
394 2497 496 2555 quosdam
508 2495 649 2556 torminosos,
664 2513 704 2541 non
715 2499 824 2560 quiajam
831 2497 870 2552 fiat
882 2527 889 2550 ,
899 2494 1006 2558 scripura
1018 2495 1082 2557 sape:
1091 2489 1115 2550 fit
1138 2488 1142 2497 '

232 2586 234 2591 ·
263 2558 306 2603 aiii
316 2557 344 2602 ad
354 2570 441 2606 merrom.
476 2562 601 2606 thanut.
1141 2606 1144 2611 .

297 2633 334 2674 37.
351 2621 505 2681 Graoedr'rrosor
514 2623 629 2684 quosdam,
644 2622 746 2684 quosdam
757 2621 899 2677 torminosos]
927 2620 962 2667 sic
974 2620 1054 2684 vulgg.
1065 2620 1120 2667 Nor·
1139 2616 1142 2623 '

263 2681 309 2731 vic.
330 2695 408 2730 autem
416 2685 563 2747 gravidinosos
572 2685 692 2746 quosdam,
713 2689 766 2730 alios
776 2685 905 2743 torminosos.
925 2688 985 2731 Ven,
999 2699 1064 2743 1491.
1083 2688 1121 2727 Iu·

263 2759 304 2805 que
316 2746 408 2793 dicimur
422 2748 589 2806 gravedinosos,
617 2749 717 2808 quosdam
732 2747 873 2804 tormr'rrofh55
891 2744 923 2792 fic
937 2747 1011 2794 etiam
1027 2748 1040 2794 it
1059 2745 1123 2808 prims
1144 2756 1149 2775 ¹

264 2822 339 2858 manu
348 2806 447 2858 seriens.
460 2824 503 2857 nec
512 2810 578 2857 aliter
593 2810 687 2857 Nonius
697 2824 746 2871 cap.
756 2826 792 2860 ῃ.
799 2824 853 2872 pag.
861 2825 912 2866 549·
929 2807 969 2856 ubi
979 2808 1042 2856 hunc
1052 2811 1123 2858 loom
1148 2822 1153 2859 t

264 2869 367 2921 adducit.
401 2871 469 2919 Haud
480 2871 510 2921 de
519 2873 595 2920 nihilo
607 2872 639 2920 ess
652 2872 700 2921 hare
710 2873 796 2929 teoto,
811 2886 868 2920 nant
882 2872 916 2920 ita
927 2872 1059 2933 loquuntur
1068 2885 1124 2919 rete·
1151 2870 1157 2931 l

265 2949 310 2983 res.
328 2935 529 2984 Curtiuslih.vr1.
546 2950 596 2998 cap.
604 2954 628 2994 4,
644 2950 678 2984 11.
695 2937 765 2995 Obstat
781 2950 866 2990 merus,
882 2938 934 2982 eliis
950 2937 1077 2996 cupiditia
1092 2932 1124 2982 ubi
1154 2938 1157 2943 '

266 2995 375 3057 quaedam
386 2998 452 3049 editt.
465 3000 527 3044 ebriat
538 3001 592 3043 aliis
603 3011 688 3052 metus,
709 3001 763 3045 aliis
777 2999 882 3058 cupiditas
896 3030 902 3050 ,
918 2995 957 3045 sed
973 2998 1084 3046 voculam
1100 2998 1127 3047 ie·

266 3059 369 3107 tundam
381 3061 443 3110 reste
454 3061 540 3108 delevit
552 3060 590 3123 Jo.
603 3060 782 3109 Freinshemius.
799 3075 852 3108 cum
863 3074 912 3122 quo
921 3058 980 3108 facit
993 3065 1043 3109 MS.
1060 3061 1099 3124 qui
1109 3060 1140 3107 iu·

267 3119 411 3170 bibliorheca
423 3122 521 3172 Ferreoli
540 3123 646 3173 servatur.
681 3126 760 3175 Livius
776 3123 816 3173 lib,
829 3137 873 3172 mr.
889 3136 941 3185 cap.
955 3139 995 3179 37·
1012 3129 1041 3171 Er
1047 3130 1096 3183 μη
1110 3139 1128 3169 ru

266 3196 321 3245 tergo
332 3187 418 3248 quidem
429 3188 587 3244 abstineretur,
604 3191 674 3248 virgis
688 3190 753 3244 cerii,
768 3190 812 3233 alii
823 3188 893 3246 securi
903 3187 990 3245 subiici.
1024 3185 1061 3235 lbi
1076 3187 1096 3250 J.
1107 3189 1127 3234 l.

268 3249 378 3318 Gronov.
396 3249 405 3294 ὁ
419 3248 478 3296 πάνυ
490 3263 517 3296 ea
529 3250 626 3313 protulit
637 3250 746 3314 exempla
758 3283 766 3307 ,
782 3263 833 3313 quae
844 3247 917 3297 fidem
928 3248 1035 3298 facerent
1047 3247 1130 3299 homini

267 3310 373 3357 maxrm‘c
387 3313 508 3369 pervicaci.
540 3315 622 3372 Davrfi

301 3381 337 3425 38.
358 3378 570 3439 Nonquiafempor,
589 3377 622 3429 (cd
633 3379 685 3437 quia
693 3376 744 3438 sape
750 3377 813 3434 firm]
837 3373 909 3424 Abest
924 3372 1071 3440 abantiquo
1079 3375 1131 3424 libro

270 3436 430 3500 retbumfiar,
447 3437 513 3505 quod
524 3438 556 3489 est
566 3437 667 3491 secuudo
677 3439 734 3491 loco
744 3437 854 3504 possum.
887 3437 962 3498 vtio.
1085 3505 1105 3553 Ε
1123 3457 1128 3471 =

290 3534 293 3543 ·
1030 3517 1070 3564 39·
1106 3516 1136 3565 Ψ
