2318 3914
230 94 423 159 larnuu
464 92 776 176 Qunnrus.
869 115 949 179 2501

112 207 195 269 Idem
211 206 327 268 adhuc:
357 203 443 279 (audi
464 204 569 280 reliqua
595 204 624 263 &
653 204 735 263 risum
768 206 909 277 contine,
930 206 953 267 li

70 285 176 361 potes)
196 284 292 343 Media
302 282 365 353 illa,
383 282 491 359 inquit,
509 282 582 339 inter
595 298 660 357 quae
673 279 741 339 nihil
754 281 888 354 interest,
907 294 950 342 ta·

70 374 143 419 men
165 360 301 437 ejusmodi
312 360 391 428 sunt,
411 371 443 417 ut
463 374 564 417 eorum
584 358 636 415 alia
656 356 781 433 eligenda
801 357 853 419 fint
869 402 877 427 ,
896 360 949 419 alia

69 436 237 509 rejicienda,
256 436 308 495 alia
322 437 443 494 omnino
457 432 637 511 negligenda,
656 434 713 493 hoe
726 433 781 502 est,
801 447 945 495 uteorum

69 510 124 571 alia
138 512 204 573 velis
219 556 228 583 ‚
248 512 300 573 alia
310 511 402 580 nolis,
420 510 471 570 alia
485 528 545 571 non
559 527 645 569 eures
671 512 712 571 At
725 508 813 569 modo
828 510 943 583 dixeras,

67 588 140 647 nihil
152 589 182 649 in
195 590 237 649 his
251 590 331 649 rebus
345 586 416 658 elle,
434 588 511 663 quod
524 584 673 649 interellet·
713 587 750 647 Er
771 605 846 646 nunc
867 589 944 648 idern
967 646 972 657 ,

67 661 153 797 ὀξυ,
172 667 297 745 inquies,
318 664 364 725 sed
386 665 421 725 ad
436 666 550 724 virtutes
576 664 606 721 δι
627 664 661 723 ad
686 664 753 723 viria
779 664 847 723 nihil
861 666 945 725 inter-

67 756 133 799 ce.
609 749 613 757 '

106 816 215 877 XXVI.
235 822 337 895 Qnrs
358 813 522 885 dissue,
548 816 687 893 equaeso,
707 816 862 876 nesciebat?
882 802 987 889 Ve·7r

65 888 130 951 rlun
145 895 297 955 audiamus.
316 894 384 955 lsta.
403 894 509 971 inquit,
528 912 592 971 quae
607 891 713 961 dixisti,
732 894 841 964 valere,
859 896 937 953 loeu-
947 898 965 971 d
981 897 1023 949 issa

63 968 171 1042 pletem
187 969 265 1042 elle,
284 990 344 1031 non
363 970 480 1039 dolere,
498 972 572 1029 bona
592 988 651 1027 non
673 969 759 1039 dico,
780 970 824 1028 sed
845 971 935 1029 dicam
945 976 1046 1037 anquam

65 1044 169 1105 Graece
184 1046 357 1119 προηγμένα,
378 1045 479 1105 Latine
492 1060 586 1105 autem
600 1044 749 1121 produdla:
770 1046 815 1105 sed
828 1064 937 1121 praepo·
947 1028 996 1073 ⁴¹¹¹·
1021 1088 1040 1137 fi

63 1118 113 1179 fita
140 1134 188 1182 aut
214 1127 351 1201 praeeipua
365 1123 449 1181 malo.
487 1122 539 1181 fsre
572 1122 735 1181 tolerabilius
761 1127 791 1181 de
817 1124 935 1182 mollilrs.
945 1102 1021 1201 {12⁰²

63 1196 113 1256 Illa
126 1213 239 1273 autem,
260 1201 424 1277 egellatem,
451 1200 598 1267 morbum,
618 1198 764 1267 dolorem,
785 1212 813 1253 74
821 1219 879 1258 non
887 1218 933 1277 ap·
943 1213 958 1260 f
971 1212 1056 1265 otalii.

63 1273 139 1348 pello
154 1278 249 1347 mala,
269 1278 339 1345 sed,
357 1275 376 1332 fi
397 1276 482 1347 libet,
501 1276 664 1350 rejedlanea.
707 1276 803 1352 Itaque
816 1278 859 1335 illa
875 1294 934 1335 non

61 1348 127 1409 dico
140 1370 189 1412 me
203 1368 349 1433 expetere,
368 1350 414 1411 sed
428 1355 558 1429 elegere,
578 1369 630 1411 nec
644 1366 759 1429 optare,
779 1353 824 1411 l'ed
844 1352 959 1414 sume-s
972 1353 1063 1428 'elligere

63 1442 114 1485 re:
135 1436 270 1491 contraria
293 1446 387 1489 autem
411 1449 468 1489 non
491 1431 586 1503 fugere
617 1427 663 1486 sed
691 1428 764 1505 quasi
786 1427 933 1489 secernere.
942 1416 992 1464 ⁴¹⁰·

64 1504 143 1577 Quid
165 1508 204 1565 ait
235 1506 391 1566 Aristoteles
430 1508 582 1583 reliquique
602 1504 722 1563 Platonis
744 1504 876 1563 alumni?
897 1506 932 1565 Se
979 1502 1003 1549 Ρ·
1019 1503 1047 1549 ¹⁵·

62 1582 176 1650 omnia,
196 1600 261 1658 quae
274 1580 424 1643 seeundum
439 1597 566 1643 naturam
584 1557 638 1640 lint
653 1624 662 1651 ‚
680 1583 753 1640 bona
774 1581 931 1657 appellare:

61 1672 127 1730 quae
141 1671 233 1718 autem
256 1672 374 1725 contra.
394 1660 474 1717 mala.
512 1656 635 1717 Videsne
656 1659 761 1732 igitur,
780 1657 929 1717 Zenonem
944 1670 977 1723 72

12 1733 15 1740 '
59 1741 141 1790 tuum
156 1751 220 1794 cum
235 1736 364 1795 Aristone
379 1737 466 1794 verbis
480 1732 646 1793 hconsrllere
668 1752 696 1792 re
711 1734 834 1792 dissidere
843 1755 850 1793 :
860 1753 925 1796 eum
939 1728 955 1803 ’ἔ
969 1729 1070 1808 ⁶⁰¹¹(ss-

10 1845 12 1872 ;
58 1808 208 1870 Aristotele
235 1814 264 1871 &
286 1814 335 1871 illis
350 1830 379 1869 re
395 1811 562 1870 iconsentire
590 1810 678 1869 verbis
700 1796 1037 1885 discrepare?curl¹¹⁰⁴‘¹¹:

10 1890 12 1895 '
37 1884 157 1959 ,igitur,
177 1886 241 1947 cirm
256 1887 291 1946 de
305 1907 334 1946 re
348 1890 521 1955 conveniat,
541 1904 599 1944 non
623 1887 749 1946 malimus
770 1886 864 1944 ulitate
884 1870 1081 1971 lo-1¹oe⁶L‘'J{,3¹¹e

26 1952 43 1976 ⁸
58 1957 128 2036 qui?
148 1964 208 2022 Aut
229 1965 353 2033 doceat,
373 1966 537 2039 paratiorem
566 1981 612 2020 me
632 1962 666 2019 ad
690 1964 927 2023 contemnendam

57 2039 206 2171 {grumam
222 2041 300 2111 fore,
320 2040 428 2099 srillam
442 2042 470 2098 irr
492 2042 570 2098 rebus
591 2038 739 2113 praepofitis
758 2038 842 2114 quim
863 2040 927 2100 srin

96 2114 138 2172 nis
150 2115 271 2175 duxero:
292 2118 494 2191 fortioremque
508 2118 537 2173 in
552 2114 682 2189 patiendo
696 2116 811 2184 dolore,
831 2116 927 2176 ficum

57 2188 181 2264 asperum
202 2194 232 2251 &
248 2192 388 2251 difficilem
402 2189 524 2267 perpellu
552 2194 582 2249 &
609 2203 703 2249 contra
721 2203 847 2250 naturam
862 2191 927 2264 elle,

57 2265 144 2343 quarn
159 2267 179 2325 fi
195 2270 300 2328 malum
315 2268 421 2329 dixero.

94 2342 195 2402 Facete
208 2346 250 2405 M.
265 2344 349 2417 Piso,
375 2344 512 2404 familiaris
533 2343 647 2412 noller,
673 2344 725 2401 ¹1&
752 2344 803 2402 alia
838 2345 923 2405 multa
937 2358 971 2418 73

56 2417 88 2477 &
99 2419 156 2477 hoc
171 2421 236 2481 loeo
253 2422 361 2481 Stoicos
375 2420 510 2480 irridebat,
548 2420 624 2493 Quid
640 2421 715 2477 eninr
738 2421 825 2496 ajebat
841 2422 852 2477 ?
873 2423 923 2479 oo-
934 2418 951 2467 l<
963 2434 992 2497 'ut
1002 2422 1049 2475 alla

53 2513 125 2553 num
141 2514 222 2572 negas
237 2496 289 2556 elle
305 2498 427 2565 divitias,
448 2495 624 2571 praepofitum
641 2493 693 2553 ell'e
707 2496 781 2554 dicis.
801 2499 923 2573 quidad·
934 2486 985 2535 Μ·

49 2572 159 2648 juvas?
179 2566 357 2631 avaritiamne
372 2570 491 2630 minuis?
512 2571 588 2648 quod
602 2572 621 2629 fi
637 2572 751 2629 verbum
767 2573 923 2648 sequimur,

51 2646 175 2721 primirm
190 2648 297 2725 longius
316 2649 457 2715 verbum,
477 2648 652 2723 praepofirum
671 2690 679 2713 ‚
701 2648 786 2724 quam
807 2652 923 2714 bonum.

52 2722 135 2781 Nihil
149 2722 183 2781 ad
197 2741 266 2783 rem.
304 2726 349 2783 Ne
365 2725 396 2784 srt
409 2722 481 2782 sane.
519 2723 633 2781 atcerte
649 2726 764 2797 gravius.
784 2744 848 2783 narn
870 2729 921 2786 bo·

51 2816 124 2858 num
141 2818 175 2857 ex
189 2817 247 2875 quo
269 2801 432 2876 appellatum
456 2800 488 2858 srt
507 2801 614 2857 neseio:
635 2800 811 2874 plaeposllum
834 2821 868 2859 ex
884 2822 920 2862 eo

51 2874 154 2944 eredo,
175 2875 253 2952 quod
267 2890 442 2952 praeponatur
455 2877 518 2933 aliis.
557 2876 584 2933 id
604 2876 673 2934 mihi
694 2895 826 2950 magnum
845 2879 920 2936 vide·

51 2964 105 3010 tur.
143 2954 236 3029 itaque
252 2953 359 3011 dicebat
382 2955 440 3027 plus
460 2953 539 3009 tribui
562 2953 661 3009 divitiis
682 2950 697 3008 {1
718 2953 851 3021 Zenone,
872 2957 920 3028 qui

52 3044 97 3084 eas
111 3029 139 3086 in
154 3047 211 3103 prae
232 3027 305 3087 ofitis
320 3041 452 3105 poneret,
473 3028 558 3104 quiam
572 3029 604 3084 ab
619 3028 787 3094 Aristotele,
808 3030 853 3101 qui
870 3030 921 3087 bo·

52 3120 122 3162 num
136 3103 189 3163 elle
204 3048 310 3167 Xivitlm
331 3107 467 3165 fateretur.
505 3104 551 3163 l'ed
579 3120 631 3162 nee
654 3120 784 3176 inagnum
812 3105 917 3164 bonum

888 3185 918 3243 &

84 3372 122 3417 74·
140 3363 186 3405 Nou
197 3363 274 3423 appello
285 3365 360 3421 mala,
370 3362 410 3423 fed
416 3363 439 3422 fi
448 3361 511 3414 til-cr,
528 3360 661 3417 rejectanea]
674 3360 760 3425 Rejella
772 3356 843 3410 habet
860 3361 919 3413 liber

49 3434 125 3474 uetus.
156 3424 231 3482 vrfia.
462 3491 529 3537 m
544 3501 601 3533 m
616 3501 662 3546 Η
830 3504 868 3548 75·
887 3491 918 3539 Et
