2318 3914
235 175 320 243 ²530
428 160 492 225 Du
513 160 602 226 Fru.
624 161 725 228 Bon.
745 173 796 224 ur
816 158 936 225 Mari

236 268 268 325 &
282 285 348 326 cum
371 271 500 330 maximis
521 270 591 330 curis
618 271 803 331 &laboribus
825 266 1012 346 compensare
1034 270 1119 343 eam}

235 360 323 421 quam
338 364 373 404 ex
389 346 518 406 discendo
533 350 658 424 capiant,
678 349 852 423 voluptatem
867 347 878 406 ἓ
1076 418 1083 427 ,

191 435 231 501 '49
275 422 349 479 Mihi
371 424 486 499 quidem
508 426 651 484 Homerus
672 424 834 500 hujusmodi
856 422 992 500 quiddam
1023 414 1120 477 viduie

237 497 346 555 videtur
358 500 385 556 in
403 502 451 569 iis,
472 519 536 577 quae
552 502 587 559 de
602 502 728 559 Sirenum
745 502 868 560 cantibus
882 499 1005 557 finxerit.
1026 510 1120 570 neque

240 576 317 631 enim
340 592 445 634 vocum
466 577 597 637 suavitate
620 578 748 637 uidentur
781 591 828 635 aut
844 577 971 635 novitate
995 572 1120 649 quadam

241 650 273 707 ἃ
291 652 421 710 varietate
435 653 563 711 cantandi
585 670 716 712 revocure
738 672 787 712 eos
807 653 920 721 solitae,
941 652 991 727 qui
1008 660 1121 723 praeter-

240 727 412 787 vehebantur
427 773 442 811 ,
454 731 500 789 sed
513 732 577 807 quia
598 732 685 789 multu
706 731 733 787 se
754 732 821 789 scire
843 728 1072 804 profitebantur;
1091 733 1121 780 ut

241 802 371 863 homines
386 805 421 863 ud
435 820 530 864 earum
552 807 615 866 saxa
637 806 759 865 discendi
780 806 930 881 cupiditate
950 799 1121 861 adhaeresce·

242 891 313 938 rent.
351 884 387 939 ita
402 884 478 940 enirn
493 883 611 941 invitant
626 878 770 957 Ulyssem:
792 887 869 957 (nam
883 881 974 948 verti,
995 892 1030 937 ut
1045 893 1119 953 quae·

245 954 311 1014 darn
326 958 464 1029 Homeri,
484 958 519 1016 src
533 960 613 1017 istum
629 960 715 1036 ipsum
731 959 841 1031 iocum)

325 1043 349 1090 0
361 1036 434 1091 dacus
450 1036 618 1110 Argolicum,
639 1038 704 1114 quin
717 1036 820 1113 puppim
830 1033 915 1111 fleiiis
929 1031 1046 1110 Ulpffes,

324 1111 445 1167 Auribus
457 1123 526 1169 40ur
541 1113 634 1181 nostros
645 1110 717 1188 poffis
731 1112 860 1186 agnoscere
875 1128 979 1167 cantus.

279 1226 283 1237 ·
324 1195 401 1244 Nam
416 1207 489 1244 mmo
504 1187 554 1245 hac
567 1209 695 1266 umquam
709 1189 915 1260 esttrunsvesius
930 1186 1025 1243 cerula
1039 1182 1119 1259 curfit,

326 1263 403 1337 Qin
412 1263 488 1339 priius
503 1266 632 1333 adstiterit
645 1286 739 1323 vocum
752 1265 885 1322 dulcedine
899 1276 1013 1340 captum

329 1339 388 1410 ijs
401 1340 487 1398 variis
499 1341 580 1399 uvido
588 1342 707 1416 satiatus
719 1345 814 1419 pedore
830 1339 924 1417 musas,

332 1417 440 1472 Dotiior
454 1418 491 1473 ad
498 1420 602 1494 patrias
616 1418 700 1494 lapsus
715 1418 862 1496 pervenerit
877 1439 944 1474 oras.

103 1516 205 1567 yrerum
331 1500 386 1548 Nos
399 1514 482 1568 grave
495 1510 626 1551 certamen
641 1496 699 1552 beili
723 1507 749 1549 4¹
761 1494 909 1570 clademque
923 1511 1066 1561 canemus,

103 1563 166 1639 vsi»
179 1565 205 1613 ἃ
334 1572 429 1626 Gracia
444 1589 525 1646 quam
542 1573 617 1648 Troju
630 1573 723 1629 divino
738 1572 846 1629 numine
860 1570 952 1635 vexir3

103 1628 157 1735 ²¹¹¹13
333 1648 480 1723 Omniaque
495 1648 508 1704 *e
523 1648 586 1705 iaris
602 1661 616 1703 5
622 1670 710 1723 regum
730 1646 835 1721 vestigia
850 1646 935 1704 terris.

104 1703 331 1803 cxfff'fflidit
352 1722 519 1790 Homerus.
544 1725 652 1799 probari
672 1724 792 1781 fabulam
813 1742 873 1781 non
893 1719 971 1797 posse
989 1764 999 1790 ,
1019 1718 1040 1779 fi
1061 1723 1126 1806 can·¹

251 1798 379 1856 tiunculis
399 1811 490 1859 tantus
512 1802 554 1859 cir
574 1802 691 1859 irretitus
705 1811 853 1858 teneretur.
888 1799 1032 1857 scientiam
1048 1796 1127 1873 polh-

253 1886 366 1933 centur:
387 1893 472 1952 quarn
486 1896 546 1936 non
561 1892 618 1937 erat
636 1878 739 1935 mirum
760 1876 900 1951 sapientiae
921 1874 1028 1949 cupido
1042 1872 1127 1949 patrii

253 1953 398 2010 cariorem.
444 1966 527 2030 atque
550 1955 647 2013 omnia
668 1953 783 2029 quidem
806 1951 898 2021 scire,
925 1954 1127 2026 cujuscumque

255 2028 336 2087 modi
350 2029 427 2099 sunt,
448 2048 549 2104 cupere
564 2030 749 2089 curiosorum:
772 2028 836 2087 duci
849 2027 918 2086 verb
935 2029 1128 2103 majorumre·

257 2123 320 2163 rum
337 2108 574 2181 contemplatione
592 2106 625 2164 ad
648 2106 827 2181 cupiditatem
849 2103 971 2164 scientiae
1005 2102 1130 2163 summo·

254 2199 317 2240 rum
335 2183 458 2239 virorum
473 2184 510 2239 est
526 2183 689 2256 putandum.

209 2270 248 2329 50
292 2258 368 2315 XIX.
389 2261 447 2332 Qu
456 2278 472 2316 r
481 2279 503 2316 u
526 2278 570 2316 un
581 2278 621 2317 ru
646 2258 773 2316 ardorem
787 2257 867 2316 studii
879 2256 994 2315 censetis
1011 2255 1091 2315 fuisse
1103 2256 1130 2315 in

253 2334 448 2403 Archimede,
468 2336 516 2410 qni
532 2334 641 2392 durnin
658 2335 771 2409 pulvere
792 2334 922 2409 quaednm
945 2333 1075 2393 describit
1094 2346 1131 2391 at·

253 2411 372 2478 tentius,
392 2429 428 2469 ne
442 2412 556 2485 patrium
572 2413 685 2487 quidem
701 2425 809 2485 captam
824 2407 877 2468 esse
892 2409 1023 2468 senserit?
1046 2428 1132 2487 quan·

253 2497 316 2543 tum
330 2487 488 2545 Aristoxeni
504 2489 647 2563 ingenium
664 2488 859 2561 consumptum
880 2485 1010 2545 videmus
1025 2489 1057 2545 in
1074 2504 1134 2545 rnu-

258 2560 339 2620 ficis?
358 2582 415 2638 quo
431 2564 519 2621 studio
535 2565 746 2638 Aristophanem
763 2577 892 2638 putamus
916 2575 1030 2621 aetatem
1047 2565 1079 2622 in
1092 2564 1134 2622 lit·

112 2648 205 2749 affl,
257 2639 322 2699 teris
337 2637 481 2700 zduxiffe?
501 2652 529 2695 4²
540 2641 607 2718 quid
621 2641 656 2701 de
669 2642 822 2717 Pythagora
837 2638 850 2699 ἓ
870 2650 898 2694 4³
908 2639 977 2716 quid
992 2640 1028 2699 de
1044 2640 1135 2699 Plato·

115 2761 257 2825 currimns.
1100 2732 1135 2775 ne

295 2889 334 2933 40.
351 2872 538 2939 vrnostruspoffis
549 2874 653 2937 proestare
663 2880 756 2934 cautae]
785 2871 901 2933 sogrrofcm
918 2866 991 2921 habet
1007 2869 1139 2921 manuscri-

265 2948 338 2998 prus:
356 2939 380 2986 ὃ(
394 2940 426 2986 ita
438 2942 514 3004 magis
531 2940 608 3001 piacet
633 2950 658 2984 ut
674 2940 772 3002 legatur.
795 2937 868 2993 vrfin.
903 2940 1029 2997 Agnoscere
1045 2940 1139 2993 centua]

263 3002 301 3048 Sic
313 3001 386 3049 malni
397 3016 450 3048 cum
462 3004 518 3053 Pali.
530 3005 555 3050 bt
567 3012 622 3049 vett.
635 2999 688 3048 cdd.
702 3018 733 3062 qu
741 3016 775 3049 ·.m
786 3001 898 3058 cornoftere
910 3032 918 3053 ,
933 2999 969 3045 uri
985 3012 1015 3046 ex
1033 3014 1087 3047 uno
1096 2993 1137 3046 ms.

263 3062 372 3110 ursinus:
389 3064 454 3125 qnod
464 3069 538 3114 miror
549 3061 647 3127 potuiss'e
662 3063 740 3113 eidem
756 3065 856 3129 placere.
872 3064 960 3110 Gruter.
993 3066 1077 3111 Locus
1088 3064 1140 3111 lio·

264 3126 326 3175 meri
336 3126 369 3173 est
379 3128 445 3176 Iliad.
460 3136 484 3177 Κ.
501 3130 538 3187 ps.
551 3145 604 3186 544·
620 3130 644 3174 iic
656 3126 720 3190 seqq.

297 3206 336 3247 41.
355 3192 603 3252 c'ladcmqueeuucmus.]
624 3191 739 3238 Virronus
754 3187 852 3253 quidem
868 3201 981 3235 tenemur:
999 3185 1041 3235 sed
1056 3198 1141 3236 contri

267 3249 321 3300 edd.
333 3253 432 3313 priores,
450 3269 581 3315 omnesque
592 3251 642 3301 mss.
656 3253 760 3308 nostros,
775 3266 877 3314 quorum
889 3251 950 3305 dno,
966 3264 1069 3312 quartus
1082 3251 1142 3299 scili·

267 3328 305 3362 cet
316 3329 343 3362 ac
354 3312 443 3371 sentus,
459 3316 545 3365 habent
559 3330 667 3377 praeterear
680 3332 730 3363 nou
741 3324 798 3371 h'os,
816 3314 853 3362 sed
865 3322 925 3361 Nurac
937 3330 945 3369 3
962 3314 1030 3376 quod
1041 3313 1142 3363 arbitror

265 3376 417 3426 vexirhmum.
430 3394 506 3435 neque
516 3392 642 3427 memoret
650 3379 715 3441 quod
722 3380 780 3427 nihii
787 3379 972 3427 raleHoruerus:
982 3378 1072 3427 Cicero
1078 3378 1142 3427 euim

267 3440 369 3491 attendit
381 3455 521 3504 argumento
531 3442 578 3491 suo.
612 3447 699 3491 Gruter.

296 3521 335 3567 ῃ.
351 3507 416 3571 Qiu
425 3506 450 3553 de
460 3509 601 3571 Pythagoran
629 3504 774 3571 Pythagoras
784 3504 810 3561 in
820 3507 949 3570 AEgyptum
958 3498 992 3553 ud
1002 3498 1141 3613 Chaldaeo&
