2318 3914
214 121 295 192 2612,
355 118 959 191 Tuseua.Drsroiarrortun

68 255 210 314 dmm,
254 228 373 287 XXXII.
393 228 422 287 N
432 247 482 287 ura
503 247 564 289 vra
584 230 789 305 igituraudire‚
808 247 884 298 eut,
905 229 996 289 etiarn
1015 224 1038 285 sr
1057 225 1096 287 ita
1151 228 1153 283 ἱ

70 322 161 371 viderur
219 306 268 375 fit,
288 322 363 362 mors
377 317 543 363 tamennon
558 306 589 364 fit
603 309 633 364 In
645 305 764 365 dmalis?
784 305 879 377 Adsit
892 305 1007 367 videtur
1021 323 1029 362 t
1050 301 1097 365 scd

70 387 124 435 MS·
140 389 171 446 a.
223 400 269 443 me
283 398 370 440 nemo
386 380 421 439 de
437 382 643 442 immortalitate
657 383 784 459 depellet.
827 384 870 441 M.
878 381 984 441 Laudo
998 379 1028 439 id
1036 379 1099 454 qui-

136 525 151 536 ..
177 444 312 532 Jssdem:
347 456 394 515 etsi
415 457 482 515 nihil
502 460 621 519 eaalmis
641 472 752 534 oportet
771 456 923 519 confidere.
943 471 1100 516 moremur

74 540 88 574 ⁶
102 527 149 598 ,⁴1¹¹
160 537 194 569 ¹¹¹·
223 535 299 594 enim
313 534 384 608 saepe
399 532 491 608 aliquo
506 535 585 593 acute
600 535 747 594 concluso:
767 535 927 593 silebamus
941 545 1099 593 mutamus·

52 620 58 631 “’
74 585 214 697 ¹32¹}ng
223 629 278 686 que
292 609 454 669 sententiam
468 608 625 670 clamoribus
639 613 722 671 etiam
735 612 763 669 in
779 611 864 671 rebus.
881 609 962 669 inhis
977 607 1100 669 esterdm

75 684 157 764 ,npm'p
226 688 314 764 aliqua
330 684 484 745 obscuritas.
520 686 549 746 id
570 687 652 762 Igitur
672 686 865 756 nereidem,
891 686 978 745 fimus
993 684 1102 743 armati.

228 769 263 823 A.
281 762 350 821 Sane
365 761 496 834 quidem:
516 762 561 822 sed
574 780 628 830 ,rte
642 763 764 832 aecidat,
782 762 947 838 providebo.
967 763 1014 821 M.
1021 760 1102 821 Num
1150 746 1153 811 l

77 857 202 916 ferrara.
226 839 294 917 quid
306 838 387 913 igitur
402 837 440 896 est
454 837 559 924 causae,
577 836 662 914 fquio
682 840 789 898 amieos
807 838 913 898 nostros
932 838 1050 897 Stoicos
1063 835 1103 894 di-

228 918 385 982 mittamus;
407 931 454 971 eos
471 913 554 985 deos,
572 917 621 990 qui
633 916 711 990 ajunt
724 916 834 975 animos
847 932 964 975 manere
980 955 991 984 ,
1009 912 1105 973 ecor-
1150 936 1153 951 ·

230 1010 298 1068 pore
313 989 376 1048 cum
392 989 568 1060 excesserint,
587 991 707 1050 sednon
721 991 826 1066 semper
840 989 852 1049 ἓ
872 992 910 1049 A.
923 991 995 1050 Istos
1007 986 1078 1057 vero
1094 1005 1101 1042 ε

81 1082 208 1130 ecnxv.
231 1069 296 1145 qus,
316 1065 393 1142 quod
408 1078 467 1124 tota
481 1069 510 1125 in
523 1069 575 1125 hac
590 1067 668 1127 causa
679 1067 870 1131 difficillimum
886 1066 1104 1140 est,suseipiaot,
1130 1122 1133 1126 .

232 1141 308 1220 posse
322 1144 447 1201 animum
464 1160 576 1201 manere
590 1161 707 1220 corpore
721 1159 864 1203 vacantem
882 1163 889 1201 :
909 1142 979 1202 illud
993 1153 1105 1208 autem,

232 1219 310 1296 quod
324 1236 383 1276 non
399 1218 486 1277 modo
502 1220 581 1277 facile
595 1220 629 1279 ad
644 1219 812 1280 credendum
822 1220 876 1288 est,
894 1218 979 1277 44sed
994 1234 1105 1279 eocon·

234 1293 325 1362 celso,
344 1294 421 1370 quod
435 1296 558 1363 uolunt,
577 1295 746 1372 consequens
762 1338 771 1363 ,
790 1296 818 1354 id
839 1294 913 1355 certe
933 1313 996 1353 non
1019 1294 1107 1359 daut,

234 1387 281 1440 ut,
303 1370 366 1429 clrm
381 1370 428 1427 diu
441 1371 634 1447 permanserit,
654 1391 689 1432 ne
703 1374 827 1432 intereat.
864 1373 907 1429 M.
922 1371 1004 1430 Bene
1017 1386 1107 1446 repre·

235 1447 333 1509 he‘ndis
348 1467 355 1504 t
377 1448 405 1504 &
424 1445 450 1506 se
463 1447 514 1509 islo
529 1447 617 1507 modo
633 1463 673 1507 res
684 1448 775 1507 habet.
968 1454 971 1463 '

189 1550 225 1608 79
273 1523 426 1581 Credamus
437 1525 518 1600 igitur
530 1525 673 1592 Panaetio,
693 1523 709 1581 d
730 1523 913 1584 Platone'suo
931 1519 1108 1583 dissentienti.

236 1620 323 1679 quem
338 1601 413 1657 enim
434 1601 562 1658 omnibus
582 1601 650 1659 loeis
671 1599 823 1669 divinum,
841 1618 927 1677 quem
950 1597 1106 1675 sapientiffi-

154 1717 158 1722 -
237 1695 334 1743 mum,
350 1693 435 1750 quem
451 1674 667 1745 faustissimum,
694 1694 779 1753 quem
803 1678 968 1734 Homerum
987 1674 1107 1750 philoso-

145 1794 148 1798 ·
238 1755 357 1829 phorum
373 1753 505 1827 appellat,
525 1754 605 1829 hujus
617 1755 689 1811 hanc
709 1771 795 1811 unam
814 1753 979 1812 sententiam
1002 1752 1041 1810 de
1054 1752 1109 1809 im·

240 1829 405 1888 mortalitate
426 1829 583 1887 animorum
607 1847 666 1888 non
687 1830 790 1903 probat.
828 1829 887 1886 vult
910 1829 989 1887 enim
1008 1870 1018 1896 ,
1037 1823 1121 1903 quod-

240 1922 328 1965 nemo
343 1916 443 1979 negat,
462 1904 596 1982 quidquid
609 1917 705 1963 natum
725 1904 757 1962 sit
783 1904 907 1963 interire:
928 1902 1005 1962 nasci
1019 1916 1109 1963 autem

241 1983 367 2050 animos,
386 1980 464 2056 quod
478 1981 596 2040 declarat
609 1998 707 2039 eorum
723 1979 872 2039 similitudo
898 1981 948 2057 qui
965 1996 1113 2055 procrean-

148 2098 151 2103 ,
203 2080 209 2092 ·
240 2071 306 2125 rur:
327 2075 392 2132 quae
404 2057 488 2115 eriam
503 2058 532 2115 in
552 2057 689 2133 sagensis,
709 2075 768 2116 non
788 2056 875 2114 Iollam
897 2058 927 2115 in
952 2057 1112 2132 corporibus

93 2153 109 2200 g
124 2149 181 2183 vero
243 2128 378 2208 appareat.
417 2133 530 2191 alteram
545 2144 659 2192 sautem
674 2131 753 2191 affert
766 2134 920 2190 rationem:
942 2133 1016 2191 nihil
1038 2127 1111 2195 effe,

95 2202 147 2247 MS·
245 2208 347 2285 hquod
359 2207 468 2277 doleat,
487 2211 554 2284 qum
569 2208 598 2267 id
613 2226 717 2284 aegrum
734 2206 788 2267 esse
802 2225 915 2285 quoque
930 2207 1031 2282 poffit:
1041 2205 1113 2283 quod

94 2260 200 2388 mm
246 2299 340 2344 autem
353 2285 527 2371 mtmorburn
541 2285 635 2372 cadat,
653 2285 686 2371 id
696 2286 781 2372 etiarn
802 2286 1003 2345 interiturum:
1026 2284 1115 2344 dolere

246 2374 340 2419 autem
354 2377 478 2419 ammos:
499 2378 567 2436 ergo
582 2375 664 2419 etiam
679 2373 809 2432 interire.⁴

201 2445 238 2504 80
285 2436 418 2495 XXXIII.
439 2437 530 2494 Hac
551 2438 635 2496 refelli
649 2435 767 2512 possunt.
786 2437 847 2496 sunt
866 2437 943 2494 enlm
958 2435 1119 2513 ignorantis.
1151 2508 1153 2515 Α

249 2511 315 2571 cum
329 2513 364 2571 de
379 2513 530 2572 aeternitate
545 2513 702 2572 animorum
720 2513 850 2583 ditatur,
869 2512 905 2571 de
926 2525 1029 2573 mente
1051 2511 1118 2580 dici,
1151 2578 1153 2593 Ι

250 2606 315 2666 quae
329 2589 410 2648 omni
423 2588 533 2649 ruthdo
547 2602 628 2650 motu
650 2590 755 2667 semper
777 2602 856 2649 vacet
872 2631 881 2659 ,
900 2606 961 2648 non
984 2590 1023 2649 de
1044 2600 1119 2724 paitr-

1095 2680 1120 2722 us

248 2892 363 2945 dicimus:
380 2893 454 2958 Ipsum
471 2895 536 2959 quod
547 2895 675 2950 metimur,
696 2908 746 2943 non
762 2907 812 2957 quo
830 2893 950 2943 metimur.
985 2893 1081 2945 veriam
1095 2890 1121 2941 de

250 2958 287 3007 his
299 2959 399 3022 quisque
409 2958 494 3007 sentiat
504 2958 570 3022 quod
580 2958 688 3006 voluerit.
724 2965 829 3005 samar.

280 3038 319 3081 ⁴3·
337 3022 442 3069 Labamus
451 3036 599 3098 mereamurque
603 3022 730 3082 sententiam
740 3021 864 3067 clarion'dm
877 3020 944 3064 arian
955 3021 980 3066 r'rr
1000 3021 1061 3068 rebus
1072 3038 1081 3066 .·
1101 3023 1122 3068 in

249 3087 283 3132 bis
294 3085 323 3144 est
333 3088 389 3131 enim
399 3088 476 3148 aliqua
486 3087 620 3142 assumtae]
648 3081 720 3132 Forte
737 3082 820 3131 sedilus
835 3082 882 3130 huc
895 3079 974 3130 modo
989 3098 996 3129 t
1020 3086 1122 3131 Labm

251 3160 400 3257 mmamlgrssse
410 3149 550 3208 sententiam,
565 3148 690 3195 clarioribus
700 3149 767 3194 asar»
777 3149 802 3194 r‘tr
813 3148 870 3194 relus
882 3144 934 3205 inest
942 3147 1026 3211 aliquo
1034 3148 1124 3208 »smi-

252 3223 307 3258 rar..
345 3245 351 3258 .
390 3223 454 3261 aaut.

283 3290 321 3330 44.
338 3274 381 3318 Sed
396 3289 416 3318 eo
435 3271 538 3332 canufi,
557 3274 615 3332 quod
632 3275 711 3320 volunt
723 3273 861 3335 consequens,
882 3273 908 3317 sd
922 3270 979 3318 eene*
1000 3291 1042 3320 non
1057 3274 1125 3329 dm]

252 3335 364 3399 Quinque
376 3336 431 3384 lall.
445 3339 470 3385 &
481 3335 537 3386 Fab.
548 3336 624 3384 Vatic.
639 3339 716 3383 idcirc·
729 3353 768 3380 nen
778 3339 830 3381 dant
844 3366 851 3389 ,
866 3335 922 3388 vel,
944 3339 1030 3385 iteam.
1047 3334 1126 3400 legum

253 3397 312 3448 dum
322 3411 402 3461 putem
416 3431 423 3456 ‚
444 3401 522 3446 idcirco
532 3416 572 3445 nora
582 3400 642 3446 dant.
657 3398 714 3462 quid
726 3397 772 3445 hoc
782 3396 812 3446 fit
827 3395 884 3448 alibi
893 3396 1005 3452 dicimm.
1021 3398 1125 3447 artaud.

253 3465 283 3515 ln
294 3466 343 3515 mu.
355 3464 386 3511 R.
397 3459 524 3526 Luparenfi
535 3462 607 3512 etiam
618 3460 750 3522 esl,idcim
760 3477 801 3510 mn
813 3463 872 3537 dant.

1000 3574 1013 3583 .
1027 3540 1067 3586 45·
1084 3524 1121 3572 m·-
