2318 3914
210 116 292 197 2376
402 109 462 176 Du
484 111 572 176 Fru.
596 108 697 175 Bou.
719 122 771 171 nr
794 104 908 171 Mnr.

212 237 381 299 quamquam
395 221 547 281 admodum
564 221 710 279 deludatur
724 218 783 278 sum
806 221 862 295 ejus
878 221 1005 280 oratione
1022 240 1081 298 per—

212 311 295 372 petua
311 341 319 367 ,
338 312 433 356 tamen
449 297 624 357 commodiirs
640 340 649 367 ,
676 295 739 355 curn
755 297 784 354 in
806 296 883 354 rebus
898 297 1007 372 singulis
1017 301 1080 358 'ins-

208 374 258 431 fias
285 377 315 433 &
327 374 474 450 intelligas,
507 375 573 450 quid
586 376 700 450 quisque
718 372 867 440 concedat,
887 375 954 448 quid
969 375 1079 447 abnuat,

210 467 248 506 ex
269 453 346 510 rebus
367 451 495 528 conceffia
516 450 644 509 concludi
662 449 728 526 quid
746 449 834 517 velis,
862 450 947 509 &ad
972 453 1079 513 exitum

211 529 356 600 perveniri.
394 525 467 585 Cirm
483 528 566 586 *enim
587 529 693 594 fertur,
713 524 787 602 quast
813 538 937 596 torrens,
964 531 1080 599 oratio,

213 604 338 675 quamvis
349 604 434 661 multa
451 603 660 680 cujusquemodi
675 605 772 673 rapiat:
792 602 859 676 nihil
872 614 965 660 tamen
975 615 1081 676 teneas,

212 678 281 737 nihil
302 679 508 757 apprehendas,
528 697 661 756 nusquam
684 680 840 737 orationem
862 680 983 753 rapidam
1000 698 1080 741 coer-

214 771 284 814 ceas.
323 757 413 814 omnis
426 769 518 814 autem
531 758 559 814 in
575 759 741 832 quaerendO,
766 772 828 831 quae
843 756 887 812 via
908 756 1027 830 quadarn
1049 761 1079 818 ὃ(

213 832 321 891 ratione
346 832 482 900 habetur,
510 833 599 890 oratio
634 831 801 907 praescribere
822 831 941 905 primum
969 832 1076 905 debet,

215 908 281 978 (tut
294 908 453 983 quibusdam
475 910 502 966 in
521 909 645 967 formulis
671 926 702 966 ea
732 925 773 965 res
794 910 905 983 agetur)
925 920 980 976 ut,
1007 910 1077 970 inter

64 994 81 1027 ι·
156 989 164 997 ”
213 999 283 1058 quos
297 983 426 1044 disseritur
442 1027 452 1055 ,
472 987 617 1044 conveniat
631 1028 640 1054 ,
659 984 724 1061 quid
736 984 769 1043 srt
781 983 828 1052 id,
848 984 953 1060 dequo
969 984 1076 1046 differa-

212 1071 264 1116 tur.

182 1160 202 1215 4
222 1202 225 1207 Δ
248 1136 285 1194 ΙΙ.
303 1137 388 1195 Hoc
409 1155 581 1196 nostrum
601 1137 630 1195 in
653 1135 770 1196 Phaedro
790 1133 935 1196 {Platone
949 1137 1076 1212 probavit

207 1211 360 1286 Epicurus:
381 1213 529 1289 sensuque,
546 1216 576 1272 in
591 1215 670 1272 omni
681 1212 860 1287 disputatione
873 1213 902 1272 id
917 1212 976 1273 fieri
990 1233 1076 1289 opor·

208 1301 275 1348 tere.
312 1289 357 1347 sed
371 1290 446 1364 quod
458 1293 615 1364 proximum
635 1291 686 1348 fuit
712 1308 774 1347 non
790 1288 866 1348 vidit.
900 1303 983 1364 negat
996 1294 1074 1352 eninr

206 1364 312 1423 definiri
325 1383 383 1423 rem
399 1368 517 1442 placere:
537 1367 592 1425 srnc
607 1384 662 1442 quo
677 1364 734 1422 fieri
747 1365 884 1424 interdum
900 1384 959 1424 non
974 1371 1073 1440 potest,

105 1442 109 1473 ³
205 1454 237 1499 ut
249 1444 320 1500 inter
336 1459 401 1512 eos,
420 1445 467 1518 qui
481 1444 638 1517 ambigunt,
658 1443 824 1510 conveniat,
844 1441 909 1517 quid
925 1440 957 1500 s1t
968 1443 1014 1512 id,
1038 1445 1073 1504 de

207 1535 264 1593 quo
279 1530 387 1592 agatur:
409 1519 483 1576 velut
497 1521 525 1578 in
540 1519 677 1593 hocips0,
697 1517 732 1575 de
744 1537 799 1595 quo
811 1537 884 1576 nunc
898 1518 1073 1596 disputamus.

206 1595 353 1671 quaerimus
366 1595 440 1654 enim
453 1594 538 1655 finem
552 1595 708 1654 bonorum:
726 1593 902 1669 possumusne
914 1595 1071 1668 scire,hoc,
1112 1624 1116 1675 ,ς

1005 1691 1072 1752 qua·
1110 1678 1115 1687 '

237 1895 258 1935 3·
272 1885 305 1927 vr
315 1880 442 1944 quibusdam
453 1881 476 1928 ia
487 1877 592 1939 formulis
603 1895 627 1928 ea
639 1891 770 1942 resurgatur,
787 1877 844 1940 dra]
869 1876 967 1928 neurus
978 1877 1071 1930 videtur

202 1935 249 1990 fic:
264 1948 298 1989 vr
312 1945 439 2006 quibusdam
456 1948 479 1991 in
489 1942 611 2004 formulis,
627 1957 672 2005 qua
688 1959 719 1988 res
734 1957 827 2004 agatur,
843 1945 887 1995 &a
919 1944 956 1991 Sic
971 1941 1034 1991 libro
1045 1957 1068 1993 v.

203 2005 232 2050 Si
240 2005 269 2059 eis
281 2010 413 2070 quisquam,
435 2011 475 2069 qui
491 2007 550 2054 arari
567 2009 589 2053 in
605 2006 671 2064 caufis
685 2007 759 2052 videre
773 2007 856 2068 soliar,
875 2021 920 2068 qua
937 2012 970 2052 rer
984 2019 1068 2067 agatur.

202 2067 229 2115 &
240 2066 270 2115 de
281 2072 353 2116 Fato:
371 2076 419 2118 Hac
433 2070 546 2130 differens,
563 2084 606 2132 qua
616 2071 642 2114 dc
657 2081 782 2130 uagatur,
798 2071 824 2120 θ’
838 2072 861 2115 iu
875 2083 916 2128 quc
935 2069 1007 2129 cauffa
1021 2068 1080 2114 carc·¹

153 2182 162 2195 s
197 2129 270 2189 fidat,
286 2134 404 2181 nonvidct.
438 2137 467 2180 Et
478 2134 502 2180 in
512 2136 597 2180 Bruto:
613 2132 667 2192 Qu
677 2131 703 2176 dc
714 2148 736 2178 re
746 2134 837 2192 agitur,
852 2132 924 2186 iilud,
940 2133 997 2193 quad
1009 2134 1069 2178 mus·

199 2196 230 2238 tir
242 2195 292 2239 iacis
301 2197 326 2240 in
336 2194 538 2256 Juriacansultorum
550 2195 669 2241 includitur
682 2192 784 2250 formulis
796 2226 803 2248 ,
821 2194 844 2240 id
854 2194 890 2240 uti
900 2192 963 2253 effer,
980 2201 1022 2240 non
1030 2197 1075 2240 viv

202 2255 271 2304 debat.
288 2255 551 2312 &PlatoinPhaedro,
573 2250 659 2312 Περὶοῧ
676 2255 829 2309 discursanti.
863 2258 1000 2306 .A.Manut.
1033 2259 1068 2304 Ea

196 2316 232 2364 ‘rea
243 2325 338 2380 agatuu]
353 2321 407 2382 Qu
420 2322 474 2366 dere
484 2332 559 2381 agatur
569 2316 704 2366 Lambinus.
737 2319 812 2364 Illascc
822 2335 883 2372 over,
899 2334 942 2379 qua
952 2319 978 2365 dc
988 2335 1011 2367 rc
1020 2322 1069 2382 agi·

197 2390 249 2436 tur,
260 2382 325 2438 fimas
334 2384 386 2428 radic
396 2382 433 2441 c'ffe
462 2385 534 2430 Varro
544 2379 584 2428 sib.
594 2395 625 2428 rr.
642 2379 672 2427 de
682 2384 719 2427 Re
731 2379 797 2430 Rust.
828 2381 913 2428 Cicero
924 2395 968 2444 pro
981 2384 1067 2429 Mura-

201 2455 234 2489 na
244 2458 251 2489 t
268 2449 340 2505 Neque
349 2447 464 2507 quicquam
473 2457 518 2490 tam
530 2443 613 2505 anguste
618 2443 721 2503 scriptum
731 2443 773 2503 cst,
788 2448 829 2506 qui
834 2459 871 2505 ego
881 2460 922 2487 non
928 2440 1067 2506 poffim,'qua
1097 2486 1100 2499 ,

199 2500 226 2552 dc
236 2522 258 2552 rc
268 2510 351 2566 agitur,
367 2509 450 2555 addere.
482 2505 549 2554 Idem
560 2509 584 2555 in
596 2510 680 2553 Bruto:
697 2506 749 2568 Qu
762 2508 787 2552 dc
803 2522 825 2551 rc
842 2509 914 2566 agitur
927 2521 1017 2562 auran,
1036 2509 1068 2552 il·

199 2571 254 2625 rua,
267 2569 323 2630 quod
337 2572 412 2617 multis
423 2572 473 2615 locis
484 2574 506 2614 in
519 2568 723 2628 Jurircansultorum
733 2568 853 2614 includitur
861 2567 985 2626 formulis,
1000 2569 1024 2615 id
1033 2570 1069 2615 ubi

200 2631 248 2691 effer
262 2631 355 2681 videdat.
385 2631 452 2680 {dem
463 2632 487 2679 in
498 2632 605 2693 Topicis:
622 2631 664 2677 Sed
675 2646 719 2693 qua
731 2648 756 2676 ex
767 2630 827 2691 statu
844 2634 946 2677 concertio
957 2630 1068 2691 efficitur,

124 2736 133 2751 .,
200 2711 248 2740 cam
264 2696 334 2740 Graci
349 2696 564 2749 Kurrdrarrarvocann
587 2696 647 2740 Mitt
659 2696 727 2753 placet
738 2694 780 2747 id,
797 2697 898 2754 quoniam
907 2694 996 2754 quidem
1012 2695 1069 2741 aar«

196 2757 265 2818 scriba
278 2789 285 2812 ‚
300 2757 354 2820 Qa
364 2758 390 2802 dc
400 2774 421 2801 re
430 2760 517 2817 agitur,
532 2760 613 2803 vacari.
630 2759 743 2803 Muretus.
759 2760 792 2800 ‘Ur
807 2755 934 2817 quidusdam
945 2759 969 2802 in
981 2755 1070 2814 samar·

201 2821 249 2877 iis,
265 2835 308 2882 qua
318 2822 343 2866 dc
353 2836 374 2864 rc
385 2825 479 2879 agarna]
509 2820 544 2866 sic
559 2819 591 2864 est
604 2815 732 2881 legendum
744 2851 751 2873 ,
772 2819 797 2864 δι
808 2819 841 2864 ita
851 2817 929 2866 statim
941 2818 1066 2880 loquitur3

133 2914 137 2919 -
202 2885 334 2939 Conveniat,
352 2883 406 2945 quid
417 2884 462 2940 fir,
495 2883 712 2942 iddequoagarur:
745 2877 787 2926 nist
798 2880 850 2939 quis
868 2882 901 2927 itu
912 2880 1069 2936 malit,cadc

200 2961 225 2995 rc
237 2948 315 3006 agitur.
347 2942 412 3006 quod
426 2943 443 2992 sr
461 2945 514 3006 quis
530 2956 618 3016 neget,
649 2943 722 2990 fretus
738 2943 835 3003 antiqui
851 2940 980 3004 scripturi,
1002 2941 1067 2991 forte

200 3005 330 3070 corrupti,
346 3021 401 3055 eum
411 3021 458 3070 ego
468 3007 606 3054 sexcentise
624 3005 744 3053 randettis
762 3005 820 3066 luris
832 3007 886 3053 Ciu.
918 3005 977 3052 locis
995 3005 1020 3053 bc
1035 3019 1067 3054 ex

200 3069 251 3133 ipso
262 3071 377 3117 cicerone
391 3084 440 3117 nou
451 3070 529 3132 paucis
539 3067 651 3115 obruam:
668 3082 693 3116 ut
704 3067 816 3114 omittam
827 3101 835 3123 ,
856 3065 921 3130 qubd
938 3065 1068 3117 doniffimr

200 3131 284 3183 nostrae
296 3134 368 3178 acturis
378 3130 539 3194 Jurisconsulti
551 3131 610 3179 mihi
620 3129 779 3178 assentiuntur.
798 3131 896 3178 Lambin.
928 3134 963 3175 vr
977 3132 1068 3192 quibus·

202 3196 254 3242 dam
265 3193 364 3248 formulis
376 3210 400 3237 ea
411 3211 442 3240 rer
452 3199 543 3256 agarum]
558 3192 662 3256 Expteffi
676 3193 800 3256 quoderat
815 3194 840 3240 in
855 3191 902 3241 Pal.
919 3207 953 3255 pr.
972 3190 1071 3240 videba-

200 3267 285 3318 turque
295 3256 366 3302 etiam
376 3254 443 3303 fuisse
454 3258 478 3303 in
490 3255 532 3304 sec.
545 3270 601 3303 nam
611 3270 657 3304 tres
667 3257 707 3303 alii
717 3270 799 3318 agatur.
813 3267 907 3316 quartus
918 3266 975 3303 vero
985 3259 1069 3316 agitur,

200 3317 326 3382 quomodo
337 3317 383 3380 legi
399 3317 493 3366 volebat
504 3317 626 3366 Turnebus
641 3316 681 3365 lib.
696 3333 727 3366 11.
752 3313 847 3365 Advers.
864 3331 915 3378 cap.
930 3332 967 3373 17.
989 3332 1068 3378 neque

113 3424 116 3429 .
199 3389 256 3430 'veto
266 3380 320 3430 sane
331 3383 388 3440 quin
397 3377 450 3428 heic
464 3379 641 3435 introducamus
657 3378 790 3429 dummodb
806 3378 896 3430 constet
912 3394 964 3431 rem
978 3379 1067 3442 eodem

200 3442 271 3510 piane
281 3442 368 3503 redire,
382 3441 429 3494 hoc
439 3443 512 3496 illave
522 3441 597 3496 modo
608 3443 723 3507 legumus.
740 3445 828 3506 Grata,
1013 3510 1042 3556 Λ
