2318 3914
244 92 780 213 LrnrnQutrtros.
889 137 972 206 253¹

83 245 123 287 ne
150 239 180 285 44
188 242 235 290 aut
258 230 427 291 Democrito
439 229 592 307 loquar,‘a
615 230 714 306 quibus
734 242 847 307 propter
860 232 972 294 discen·

84 306 115 364 di
132 307 309 381 cupiditatem
326 307 452 366 videmus
474 308 584 366 ultimas
605 319 689 365 terras
712 306 766 365 elle
787 288 969 384 peragratas?

83 399 151 515 quae
166 384 213 459 qui
227 402 286 443 non
300 383 416 453 vident,
435 384 503 442 nihil
525 400 663 459 umquam
687 401 787 458 magna
802 389 965 459 cognitione

105 460 201 533 ignum
219 471 393 519 amaverunt.
431 460 528 537 Atque
543 459 698 530 hocloco,
718 461 767 535 qui
781 474 893 537 propter
907 466 965 523 ani·

82 537 125 591 mi
141 535 296 611 voluptates
311 538 367 595 coli
383 536 479 595 dicunt
495 553 527 594 ea
540 535 644 603 studia,
664 553 729 611 quae
745 536 820 607 dixi,
839 556 898 597 non
922 539 966 600 in·

81 609 209 685 telliguat
231 614 336 672 idcirco
360 609 413 671 esse
436 630 469 671 ea
493 626 604 688 propter
625 612 652 669 se
676 614 847 687 expetenda,
867 612 968 691 qudd,

80 687 193 746 45nulla
208 689 325 748 utilitate
340 688 449 821 ob‘p'edia
466 731 475 758 ,
495 688 665 747 delectentur
679 691 765 747 animi
781 732 790 759 ,
810 704 837 748 at
859 709 893 748 ue
906 690 963 767 ipsd

79 760 211 832 scientias,
232 764 260 819 4⁶
270 767 354 822 etiam
379 764 588 823 rincommoda
603 764 697 823 datura
717 765 767 833 stt,
786 708 935 841 gaudeant.

119 838 174 897 Sed
188 841 255 915 quid
271 842 369 899 attinet
383 840 511 899 derebus
525 853 582 900 tam
598 841 696 915 apertis
709 841 785 917 plura
800 843 959 919 requirere?
969 862 1001 920 ςι

78 912 131 991 ipfi
145 917 220 974 enim
236 917 421 999 qqaeramusi
440 918 542 987 nobis,
562 916 698 975 stellarum
720 931 814 977 motus
831 933 960 979 contem-

77 990 271 1067 plationesque
293 1010 383 1051 rerum
406 992 582 1061 coelestium,
624 1010 781 1069 eorumque
809 998 960 1070 omnium,

77 1083 146 1141 quae
188 1082 294 1127 naturae
335 1068 496 1128 obscuritate
530 1068 730 1136 occultantur,
764 1074 956 1148 cognitiones,

75 1145 321 1219 quemadmodum
336 1164 388 1204 nos
403 1158 555 1204 moveant:
577 1148 606 1203 δι
620 1146 686 1221 quid
700 1145 809 1206 historia
825 1148 955 1221 delcdet,

75 1236 163 1293 quam
186 1221 304 1280 solemus
325 1221 450 1298 persequi
471 1239 558 1298 usque
580 1221 614 1279 ad
636 1234 793 1281 extremum
815 1245 821 1281 :
843 1238 956 1300 praeter-

75 1293 154 1353 missa
169 1300 333 1373 repetimus,
355 1299 484 1356 inchoata
497 1298 691 1373 persequimur.
732 1300 795 1357 Nec
809 1302 876 1359 verb
892 1303 954 1363 sum

75 1370 191 1445 inscius,
211 1371 265 1433 esse
278 1374 424 1434 utilitatem
438 1376 468 1433 in
481 1374 609 1445 historia,
628 1392 688 1433 non
711 1374 800 1435 modb
824 1379 954 1452 volupta-

410 1462 415 1473 .
881 1469 951 1515 tem!

74 1624 102 1674 in
113 1629 185 1675 creta
194 1643 248 1678 cum
259 1629 402 1695 Epimenide
415 1630 440 1679 in
451 1628 540 1681 ldaeum
550 1628 668 1680 descendit
678 1639 772 1679 antrum
783 1646 790 1677 ε
806 1631 832 1679 in
843 1634 947 1697 AEgypto

75 1703 174 1753 quoque
186 1692 257 1755 adyta
267 1692 380 1758 ingressus
391 1693 431 1746 esi.
464 1698 573 1743 Muretus.

74 1756 232 1867 Thaeoddffi
241 1758 394 1868 rddatphldrrdmid
404 1758 500 1868 ltldi'adin
507 1763 626 1868 {drintebb
636 1754 768 1867 igteodssriq:
779 1755 841 1868 :Enbi
855 1756 948 1870 tagrgivalg

72 1876 220 1991 {celidri-⁸⁸*
230 1856 368 1992 Idlecreverdt
380 1885 406 1932 dc
414 1837 618 1948 migtsrenaium
628 1834 756 1945 {ungredm
771 1835 949 1948 sedgsnldpeditua

72 1956 87 1991 e
136 1958 149 1992 e
170 1960 197 1992 ls.
257 1963 297 1996 em.

104 2023 145 2065 44.
163 2015 218 2055 .Aut
227 2012 369 2067 Democrito]
388 2010 540 2058 Democritus
551 2009 575 2057 in
591 2013 737 2081 AEgyptum,
752 2007 777 2055 in
790 2006 905 2057 Persidem
917 2008 947 2060 ad

70 2066 168 2178 rqum
183 2085 269 2129 mare,
290 2073 316 2121 in
337 2071 431 2121 Indiam
446 2072 477 2121 ad
492 2070 725 2136 Gymnosophistas‚
744 2072 770 2119 in
790 2070 946 2136 AEthiopiam.

68 2136 140 2182 lem.

77 2238 80 2257 ἰ
103 2211 142 2256 45.
159 2198 229 2243 Nulla
238 2200 335 2245 utilitato
346 2198 666 2257 objetia,dorononruoooimin
679 2195 776 2245 Nonest
784 2197 944 2256 temerarium,

71 2258 141 2319 quod
151 2274 200 2308 vox
207 2262 283 2322 objedia
296 2276 347 2310 nora
358 2259 471 2311 habeatur
476 2263 501 2311 in
507 2262 564 2312 Pall.
573 2274 666 2325 quarto.
683 2259 801 2309 forsanest
811 2264 946 2329 παρίημ-

94 2339 124 2370 ot.
157 2327 245 2374 Gruter.

72 2337 142 2440 φ46.
159 2391 234 2435 Etiam
245 2388 268 2446 fi
280 2388 461 2435 incommodatura
472 2388 521 2448 fic]
552 2388 587 2437 Sic
599 2385 727 2451 legendum
737 2386 841 2443 censeo,
856 2386 944 2445 reiedla

69 2448 168 2510 vulgata
178 2449 292 2506 seditione,
308 2455 374 2497 etiam
390 2452 408 2508 fi
423 2453 554 2498 incommoda
569 2453 648 2499 daturo
657 2452 687 2507 fit
697 2452 742 2502 dyc.
764 2464 821 2499 nam
836 2450 944 2513 primum

68 2506 120 2558 hoc
131 2511 246 2573 loquendi
256 2526 349 2576 genus,
377 2518 532 2561 incommodum
546 2515 616 2569 dare,
637 2512 671 2562 est
684 2511 794 2562 insoleus.
815 2527 893 2576 neque
904 2513 941 2562 est

68 2572 139 2635 quod
151 2579 275 2637 quisquam
285 2575 346 2623 mibi
360 2575 442 2632 dicat,
473 2579 628 2624 incommodum
643 2578 695 2623 dare
710 2590 775 2638 nque
789 2572 835 2624 esse
851 2576 942 2624 tolera·

68 2635 120 2685 bile
132 2649 177 2691 ut,
200 2639 284 2684 maium
294 2639 352 2688 dore.
384 2653 442 2687 nam
456 2640 586 2704 respondeo
604 2640 650 2688 hoc
666 2637 712 2687 esse
726 2638 837 2686 usitatum
855 2671 862 2694 ‚
878 2637 940 2688 illud

67 2713 121 2747 non
133 2697 186 2748 else.
219 2699 304 2750 deinde
315 2714 372 2750 vett.
383 2701 452 2751 codd.
464 2718 549 2752 omnes
562 2735 569 2758 ‚
586 2717 646 2766 quos
657 2701 719 2756 vidi,
736 2701 850 2749 hocloco
862 2702 899 2749 vel
910 2702 942 2751 li·

67 2776 148 2811 turam
160 2762 265 2817 habent,
292 2767 423 2812 incommoda
432 2768 524 2821 daturo,
541 2780 596 2814 eum
610 2763 679 2815 foeda
695 2765 765 2811 litura
779 2764 805 2811 in
816 2763 941 2826 participio

66 2827 161 2883 datura,
178 2840 202 2874 ut
217 2826 289 2874 facile
305 2841 413 2888 appareat
427 2829 496 2877 initio
511 2828 553 2877 scri
570 2842 621 2876 tum
637 2825 722 2882 fuiss'e,
736 2827 939 2884 incommodatura,

66 2888 154 2938 deinde
166 2888 246 2953 postea
258 2903 286 2938 ex
298 2888 385 2937 duabus
397 2891 487 2939 ultimis
497 2844 591 2953 syllabis
601 2905 652 2937 rura
663 2889 754 2937 sadum
764 2886 810 2936 esse
821 2887 868 2935 boc
882 2902 940 2936 mo-

67 2952 102 3000 do
115 2952 187 3010 dara,
212 2968 255 3015 pto
271 2954 369 3008 daura,
383 2955 409 3001 dc
425 2955 459 3001 ita
475 2969 505 3002 ex
516 2954 697 3001 incommodatura
714 2951 804 3000 fastum
821 2948 888 3004 esse,
905 2954 942 2997 in-

65 3018 175 3063 commoda
190 3018 276 3063 datura.
294 3013 365 3064 codd.
391 3017 481 3075 cujacii
492 3030 567 3073 vero,
588 3019 614 3065 δε
626 3018 658 3063 N.
671 3014 771 3067 Clerici,
788 3016 812 3060 dc
824 3014 938 3062 Memmii

68 3078 187 3127 luculente
198 3082 222 3127 dc
234 3077 317 3127 eadem
330 3092 416 3132 manu,
432 3081 625 3136 incommodatura,
642 3074 854 3185 quamscrjpturam
867 3076 938 3138 plane

69 3140 159 3188 restam
173 3143 350 3205 &germanam
361 3142 484 3189 Ciceronis
495 3140 601 3190 arbitror.
635 3142 713 3187 Utitur
723 3153 751 3186 eo
770 3138 892 3186 em.verbo
908 3142 936 3189 δι

71 3205 97 3252 in
109 3204 262 3263 Quinffiana,
279 3204 328 3260 ibi,
344 3211 377 3250 vt
387 3202 434 3249 crim
444 3204 483 3265 ipst
496 3207 553 3250 nibil
567 3208 633 3251 altori
642 3205 735 3269 scientos·
745 3203 936 3258 incommodarim,

68 3268 128 3313 nibil
143 3268 184 3327 ipse
196 3271 245 3323 iuro
261 3269 390 3315 incommodi
403 3280 473 3330 capere
486 3266 552 3326 poffit.
576 3269 600 3315 dt
619 3272 714 3315 Terent.
731 3264 804 3313 Andr.
826 3268 900 3327 Magio
910 3267 936 3312 id

67 3327 120 3375 adri
131 3333 187 3374 mihi
199 3343 223 3375 ur
239 3332 377 3378 incommodet
386 3331 464 3386 §indm
474 3344 499 3376 ut
508 3330 632 3392 obsequatur
642 3344 714 3391 gnaro.
728 3327 866 3375 Lambinus.
896 3334 937 3374 In·

66 3392 330 3453 comminatorum]
351 3393 499 3448 Lambinus,
515 3394 698 3440 incommodatura
707 3392 756 3453 fir,
779 3406 808 3439 ex
820 3387 872 3440 mss.
885 3405 938 3439 non

66 3454 142 3515 mal‘e.
157 3452 321 3511 nostritamen
332 3456 452 3511 mordicus
462 3455 564 3504 retinent
576 3448 708 3522 vulgatum.
740 3459 828 3507 Gruter.
921 3514 928 3526 ο

440 3526 462 3573 Z
467 3536 510 3575 aa.
522 3536 586 3575 aaz
598 3538 618 3575 a.
632 3537 645 3581 a
826 3532 865 3577 ⁴7·
881 3519 939 3574 Μ’.
