2318 3914
142 131 387 197 “Lanttt
430 124 765 191 securioris
851 139 936 211 2409

62 238 167 299 ridant
181 236 265 295 etiam
281 233 347 294 illud
362 245 422 303 ,.ut
437 231 598 309 aequitatem
613 275 623 303 ,
641 229 805 292 modestiam
820 275 829 303 ,
848 234 936 293 virtu-

62 326 106 374 tes
120 330 219 371 omnes
233 310 318 389 perse
333 310 399 386 ipsas
412 313 493 385 gratis
507 309 627 383 diligant.
646 309 687 367 At
702 306 770 367 vero
780 309 824 379 ,sr
840 310 935 370 fruiti·

60 390 132 458 bus,
151 389 180 447 dt
194 388 390 447 emolumentis
406 428 415 456 ,
435 387 465 443 &
477 384 637 444 utilitatibus
650 385 784 447 amicitias
798 384 935 459 solemus,

62 466 87 525 fi
110 466 182 524 nulla
202 467 296 524 caritas
317 463 393 532 erit,
419 477 484 538 quae
504 461 586 519 faciat
608 461 759 519 amicitiam
780 463 789 518 i
808 459 863 519 sam
889 461 936 524 itta

63 543 177 618 sponte,
197 543 309 608 visua,
340 557 375 597 ex
398 537 424 595 se
445 539 474 596 δι
494 550 606 612 propter
619 537 647 596 se
660 479 867 622 eipeteniam,
886 537 938 597 du-

64 619 150 735 bium>
167 617 228 689 est,
257 617 327 693 quin
356 615 457 674 fundos
489 613 519 672 bc
548 612 643 673 insulas
671 615 766 673 amicis
786 626 939 688 antepona-

99 713 145 754 u.

64 712 190 830 mem
202 769 253 829 hic
267 766 352 826 rursus
366 784 399 826 ea
412 783 636 834 commemores,
656 783 721 843 quae
733 767 846 843 optimis
853 765 942 827 verbis
949 758 987 832 84

64 847 103 906 ab
118 847 243 922 Epicuro
258 845 293 903 de
307 843 428 903 laudibus
441 845 571 903 amicitiae
586 842 741 904 dictarunt.
759 863 817 904 non
832 860 943 920 quaero,

66 923 138 999 quid
154 923 247 990 dicat,
266 919 312 980 sed
324 920 391 997 quid
403 921 602 980 convenienter
616 918 695 995 poffit
708 921 808 979 rationi
835 921 866 995 ὃς
884 920 945 979 sen·

65 998 170 1058 tentiae
185 997 240 1055 suae
260 996 379 1056 dicere.'
395 996 527 1056 Utilitatis
540 995 618 1055 causa
631 997 752 1055 amicitia
768 996 806 1055 eil
840 996 944 1055 uaefita.

68 1090 145 1134 num
160 1073 241 1147 igitur
253 1073 389 1133 utiliorem
406 1072 455 1132 tibi
468 1073 543 1133 hunc
551 1073 692 1132 Triarium
707 1085 785 1149 putas
799 1015 853 1131 eiie
869 1069 945 1149 polio
1003 1130 1007 1137 ,

73 1147 236 1226 ioqutmfi
255 1162 301 1208 tua
321 1149 372 1207 fint
392 1148 513 1212 Puteolis
535 1148 682 1225 manarit?
702 1150 802 1226 collige
822 1151 945 1220 omnia,

97 1244 143 1284 uae
155 1223 258 1285 soletis:
278 1225 433 1302 praefidium
448 1227 614 1299 amicorum.
651 1226 719 1285 Satis
737 1225 776 1285 eti
788 1226 837 1284 tibi
859 1226 943 1296 inte,
984 1223 1009 1271 t.
1028 1222 1057 1276 ὓ·

72 1245 138 1362 iatis
150 1304 178 1361 in
192 1301 311 1383 legibus,
333 1314 357 1344 ¹¹
366 1301 426 1360 satis
436 1304 467 1360 bt
480 1304 509 1361 in
523 1302 707 1361 mediocribus
728 1303 853 1367 amicitiis
873 1319 946 1380 prae-

75 1377 151 1440 fidii:
166 1381 225 1454 jam
240 1379 457 1439 contemninon
472 1380 581 1454 potetis.
607 1377 706 1437 odium
721 1391 814 1437 autem
831 1380 861 1437 δι
874 1378 950 1438 invi-

74 1454 153 1516 diam
166 1453 246 1513 ftcild
259 1456 361 1514 vitabis
402 1454 438 1512 ad
448 1472 492 1512 eas
506 1455 581 1513 enim
596 1471 638 1513 res
652 1455 686 1514 ab
708 1454 829 1530 Epicuro
844 1470 949 1528 praece·

73 1531 243 1609 predantur.
274 1535 305 1595 dt
319 1546 415 1592 tamen
432 1541 526 1613 ¹³²non¹
540 1531 620 1590 tantis
633 1531 807 1608 vestigalibus
821 1532 857 1591 ad
868 1532 950 1590 liber·

908 1620 951 1671 ta·

114 1775 151 1810 ro.
167 1761 242 1825 Quem
253 1762 275 1820 fi
288 1774 327 1810 ree
336 1760 381 1821 fiet
394 1762 490 1809 Peucolis
501 1763 603 1824 gramina
613 1766 637 1818 r]
664 1761 701 1809 Sic
711 1773 816 1815 omnes,
831 1772 893 1823 quoe
902 1774 950 1826 ego

78 1822 181 1887 quidem
190 1825 304 1881 viderim,
319 1824 411 1887 antiqui
420 1822 483 1875 libri.
515 1837 559 1873 nec
569 1823 628 1872 mibi
637 1836 719 1872 tamen
728 1823 778 1871 ull'a
786 1822 848 1872 ratio
858 1824 951 1886 pasua-

77 1887 135 1938 lerit
147 1884 256 1961 seripfiss'e
268 1889 424 1943 ciceronem,
436 1889 546 1950 gramine.
576 1899 616 1934 cur
632 1887 665 1933 ita
675 1886 789 1941 credam,
805 1884 953 1948 elegantiore

79 1947 183 2015 praeditis
194 1950 291 2014 ingenio
301 1951 327 1999 bt
338 1962 445 1998 accurate
459 1947 553 2013 legendi
568 1948 691 2003 Ciceronis
704 1946 871 1998 consuetudine
883 1948 953 1997 tritas

80 2027 150 2063 eures
166 2011 324 2068 habentibus,
338 2026 390 2060 noti
405 2012 504 2061 arbitror
515 2011 638 2062 obscurum
649 2009 776 2075 coepisse
808 2013 896 2060 Fateor
912 2024 954 2059 au-

79 2087 151 2129 tem,
168 2089 223 2125 cum
232 2072 411 2123 emendareiim
424 2088 541 2131 conatus,
561 2075 661 2125 minime
682 2088 732 2124 rem
749 2072 891 2125 esententia
906 2073 957 2122 stae-

79 2136 137 2190 eeffi
142 2135 181 2186 lie.
197 2139 222 2189 δι
232 2134 265 2185 est
275 2137 376 2189 omuino
386 2134 504 2187 difficilius
517 2152 598 2191 verum
612 2137 717 2186 invenite
731 2137 807 2200 quim
821 2135 906 2185 laisum
917 2138 957 2185 ita·

82 2201 170 2253 dicare.
203 2211 296 2248 tantum
308 2199 381 2256 illud.
396 2198 473 2251 studio
487 2200 609 2258 veritatis,
625 2213 705 2264 aperte
719 2197 900 2265 fignificandum
911 2213 956 2263 pu-

82 2264 154 2318 tavi,
175 2277 219 2311 nee
229 2252 289 2311 milri
300 2263 380 2312 locum
390 2260 463 2312 rideri
477 2276 554 2314 catere
570 2261 677 2320 mendo,
709 2277 785 2328 neque
797 2276 899 2320 eorum,
915 2264 957 2327 qui

82 2322 214 2381 emendate
223 2324 304 2381 eonati
314 2323 600 2382 sunt‚iententiamralde
610 2326 716 2390 probare.
733 2329 853 2377 hiemet.
870 2328 957 2384 Quam,

63 2382 72 2455 i
111 2387 221 2446 suestre,
241 2390 336 2436 Puteolis
347 2393 467 2450 gramma]
497 2389 596 2439 Palatini
611 2402 711 2451 quatuor
727 2404 771 2455 pro
788 2402 878 2455 ugoant
894 2386 957 2440 banc

66 2458 70 2465 “
108 2451 240 2514 notorem,
256 2465 313 2499 nam
329 2464 383 2501 tert.
423 2455 508 2501 marie.
531 2464 556 2500 at
570 2450 637 2503 enim
651 2453 738 2514 primus
752 2454 760 2502 i
779 2467 793 2500 e
808 2448 957 2517 repraesentet

110 2529 206 2570 emmer
219 2527 245 2561 ut
255 2513 295 2562 vix
306 2513 365 2563 milri
374 2513 405 2562 dn
421 2514 471 2563 ium
483 2512 524 2563 lint
536 2548 544 2571 ‚
559 2514 618 2577 quin
627 2513 661 2563 ita
671 2512 817 2564 scribendum
829 2549 837 2571 ,
853 2513 892 2564 sed
903 2516 960 2564 lite·

86 2591 115 2637 ta
126 2578 203 2639 priore
213 2575 354 2635 maiuscula,
365 2588 390 2625 nt
400 2574 432 2627 sit
440 2590 530 2626 nomen
539 2576 608 2626 fundi
616 2575 747 2628 admodum
757 2577 832 2629 uberis
843 2579 868 2628 in
882 2579 960 2628 rnatu

85 2640 229 2689 Puteolano.
247 2639 351 2689 videatur
360 2653 443 2688 tamen
452 2638 569 2701 Vistorius
580 2636 645 2704 super
654 2641 692 2689 vul
710 2654 749 2690 ara
759 2641 959 2693 leitiorrelibmr.

85 2702 216 2752 Vacuit.
227 2715 277 2766 cap.
292 2718 327 2759 ra.
346 2707 450 2761 Muretus
460 2702 518 2753 verb
527 2702 606 2752 eidem
617 2655 757 2754 advertimus
769 2703 888 2754 librovrr.
905 2708 960 2754 Vat.

86 2765 156 2815 mett.
163 2778 214 2827 cap.
223 2781 261 2814 20.
278 2768 365 2815 Grrerr.
399 2767 545 2815 sententiam
555 2765 618 2815 sua'm
627 2766 657 2816 de
669 2766 716 2816 hoc
726 2765 782 2815 loco
788 2765 886 2830 protulit
898 2779 962 2829 quo·
1056 2814 1063 2829 ,

87 2843 137 2893 que
147 2840 225 2890 pater,
241 2830 266 2876 &
277 2841 372 2892 propter
381 2828 487 2893 cataplus
502 2844 532 2877 ex
544 2830 669 2892 provinciis
683 2828 843 2878 frumentariis
857 2828 960 2878 omnino

84 2895 193 2956 granaria
203 2888 277 2939 videri
287 2890 327 2939 hic
338 2887 377 2938 scri
396 2889 557 2940 stremonium
564 2892 670 2956 ‚colligit
681 2890 723 2941 lib.
730 2889 862 2941 11.0bserv.
870 2903 921 2954 cap.
935 2907 961 2944 2.

89 2951 158 3019 quod
169 2967 250 3003 verum
261 2966 320 3016 puto
331 2955 356 3001 δι
366 2906 421 3011 iseo
432 2952 523 3017 sequor.
554 2958 650 3002 Gronov.

125 3032 162 3066 11.
181 3016 273 3068 Satri&
280 3019 304 3063 in
313 3016 452 3062 mediocribus
463 3018 567 3064 amicitiis
575 3018 669 3080 praefidii
674 3017 848 3075 :commnijem
858 3034 898 3064 noe
904 3029 966 3081 pete·

89 3084 142 3138 ria]
159 3080 236 3128 Aliter
247 3076 279 3128 est
291 3081 316 3127 io
327 3075 543 3142 manuscripto‚sed
553 3093 603 3127 non
614 3081 647 3128 ita
657 3076 733 3134 resti,
744 3080 801 3140 setis
812 3081 838 3132 dr
850 3082 874 3127 iri
882 3082 965 3130 medie·

91 3144 163 3191 eribus
178 3145 304 3189 amicitiis:
317 3141 439 3204 prefidirem
449 3144 499 3201 jem
513 3153 638 3190 contemnere
649 3143 736 3204 peteris.
752 3138 828 3193 Utfin.
861 3145 922 3192 Setis
936 3149 962 3193 in

91 3206 231 3254 mediocribus
241 3208 345 3253 amicitiis
358 3204 471 3268 prestiti]
502 3205 572 3254 Palae.
585 3203 626 3253 ille
643 3219 676 3268 pr.
688 3205 828 3268 presidium,
845 3205 942 3270 antiqui
954 3207 975 3255 ι’

92 3281 173 3329 neque
183 3266 320 3332 refugerim
336 3267 461 3332 presertim
471 3266 526 3316 eittn
543 3265 574 3315 fic
590 3282 685 3330 quoque
699 3281 753 3317 com
772 3282 834 3318 areat
844 3270 869 3317 in
879 3269 963 3318 ceteris

91 3332 153 3381 Pall.
165 3331 272 3391 qttamvit
284 3332 330 3379 alia
341 3329 505 3387 distinbiione3
522 3328 550 3378 ei
561 3327 659 3389 scilibet,
669 3345 741 3396 quam
790 3333 815 3381 in
824 3329 865 3380 suo
877 3332 963 3396 repetit

93 3393 190 3446 Fulvius
201 3392 278 3442 noller
287 3393 391 3446 Urfious.
424 3397 511 3445 Gruter.

127 3473 165 3512 η.
182 3462 232 3511 tter
245 3458 314 3541 remit
325 3457 466 3524 vectigalibus
480 3459 511 3511 ed
525 3458 642 3514 libertatem
656 3463 738 3522 mera]
764 3458 895 3513 Rmocati
908 3468 989 3572 uiue-
