2318 3914
162 121 422 191 ,Irrnett
464 121 773 203 Quirianum
826 128 829 136 “
875 147 959 214 2329

71 232 127 293 tius
139 232 280 311 precipit,
300 235 335 294 ad
348 234 466 294 verbum
481 230 638 297 ediscendus
650 232 764 295 libellus.
800 233 896 316 Atque
909 241 948 302 illi

71 310 188 384 quidem
217 308 424 371 etiarirutiliter
445 309 461 368 d
483 321 579 367 natura
600 310 728 369 dicebant
756 317 947 386 permotiones
992 326 1017 377 r.
1038 329 1067 380 1.

71 387 131 447 illas
145 389 242 447 animis
255 388 351 447 nostris
365 385 455 446 daras:
476 396 585 443 metum
600 386 715 444 cavendi
731 386 834 448 causi:¹
845 392 948 454 miseri·
1091 405 1097 418 ·

70 464 194 524 cordiam
222 463 473 540 aegritudinemque
506 461 684 521 clementiae:
733 462 816 538 ipsam
838 468 947 530 iracun-

71 537 146 599 diam
187 540 362 617 fortitudinis
384 537 460 615 quali
486 548 582 596 cotem
605 535 659 597 effe
676 536 826 599 dicebant:
847 544 947 616 rede,
990 544 992 549 '

54 614 199 686 secusne,
217 615 283 675 alias
297 616 455 674 viderimus.
491 615 620 674 atrocitas
638 613 752 690 quidem
767 615 813 675 ista
827 627 873 678 tua
887 638 946 698 quo

67 693 159 753 modo
175 694 205 751 in
219 705 344 752 veterem
359 692 541 751 Academiam
555 691 681 765 irruperit
700 691 802 750 nescio.

75 811 78 815 -
107 768 157 827 llla
172 767 241 827 vero
258 769 328 826 ferre
341 786 399 827 non
414 765 522 843 polium
531 764 672 843 ,nonqud
688 767 758 826 mihi
772 768 943 844 displiceant:
958 777 1012 856 136

65 843 130 903 sunt
144 845 221 904 enirn
237 844 373 903 Socratica
386 844 515 921 pleraque
529 844 659 902 mirabilia
674 843 832 904 Stoicorum
849 889 857 916 ,
877 866 942 924 quae

67 921 215 992 παράδοξα
228 922 407 979 nominantur
422 940 429 979 r
450 919 496 979 sed
510 919 557 978 ubi
576 920 746 981 Xenocrates
761 964 770 994 ,
797 923 844 981 ubi
858 927 966 984 eAri·e
979 917 1024 965 Ἐἰ

66 994 178 1056 stoteles
191 997 237 1054 ista
251 997 339 1072 tetigit
354 995 367 1054 ?
385 997 437 1069 hos
460 998 535 1056 enim
549 995 624 1072 quafi
638 996 752 1056 eosdem
776 995 830 1057 else
850 1002 941 1062 vultis.
952 981 1058 1090 ἥξω

66 1072 108 1131 illi
123 1090 257 1150 umquam
271 1073 417 1146 dicerent,
430 1071 561 1149 sapientes
576 1072 646 1132 solos
661 1090 736 1149 reges
752 1070 764 1130 ὲ
784 1073 856 1134 solos
871 1077 943 1137 divi-
1009 1075 1019 1095 ⁰

67 1145 132 1207 tes?
151 1149 221 1211 solos
237 1147 401 1209 formosos?
422 1151 541 1218 omnia,
562 1166 626 1225 quae
648 1149 750 1226 ubique
776 1147 861 1210 essent
874 1195 886 1222 ,
901 1153 943 1213 sa·
993 1214 1003 1227 ,,

65 1225 166 1300 pimtis
181 1222 256 1284 elle?
275 1228 420 1285 neminem
443 1224 609 1294 consulem,
629 1238 802 1300 praetorem,
822 1229 941 1304 impera-

65 1313 178 1368 torem,
198 1300 291 1360 nescio
305 1320 339 1360 an
355 1321 390 1362 ne
404 1303 618 1379 quinquevirum
634 1300 747 1377 quidem
756 1319 939 1382 quemquam,

66 1376 118 1434 nist
131 1377 280 1452 sapientem
299 1398 305 1435 :
326 1377 466 1452 postremo
482 1421 491 1447 ,
510 1377 598 1435 solum
621 1377 713 1436 civem
729 1420 738 1447 ,
757 1378 846 1439 solum
872 1383 940 1441 libe·

63 1469 129 1511 rum
146 1455 158 1510 l
178 1453 333 1528 insipientes
347 1473 465 1524 omnes,
485 1455 666 1529 peregrinos,
687 1453 811 1525 exsules,
831 1455 940 1529 servos,

65 1529 204 1590 furiosos?
225 1530 347 1608 denique
361 1531 456 1606 scripta
477 1531 622 1648 Lycurqi,
642 1529 767 1600 Solonis,
787 1531 937 1595 duodecim

65 1605 171 1664 tabulas
184 1606 302 1677 nostras,
323 1624 381 1666 non
397 1604 450 1666 esse
463 1605 558 1681 leges?
594 1623 629 1664 ne
645 1606 724 1664 urbes
749 1607 869 1684 denique
890 1625 936 1671 aut
947 1615 963 1665 f
974 1633 1019 1668 nee

64 1681 207 1752 civitates,
225 1682 276 1741 nisr
289 1700 355 1759 quae
370 1680 455 1742 effent
468 1682 627 1758 sapientium
640 1680 651 1740 ?
671 1683 745 1740 Haec
758 1684 825 1754 tibi,
835 1685 936 1746 Lucul·
947 1684 1022 1733 tamt.

65 1756 114 1825 le,
134 1757 195 1817 stes
211 1756 324 1818 alienius
337 1760 500 1827 Antiocho,
521 1759 647 1817 familiari
659 1770 729 1829 tuo,
748 1771 804 1816 tam
820 1760 1001 1823 suntne-1³7

62 1833 205 1895 sentienda
239 1835 324 1910 quim
347 1822 474 1894 moenia‘:
488 1835 570 1893 mini
594 1845 688 1893 autem
703 1877 712 1904 ,
729 1835 806 1895 bono
827 1839 935 1912 modo,
1034 1913 1039 1920 ι

61 1921 192 1978 tantum,
211 1925 346 1986 quantum
362 1911 505 1970 videbitur.
937 1966 941 1976 ,

64 2020 67 2025 -
100 1985 207 2046 XLV.
227 1989 331 2045 Lnor
351 1989 423 2062 apud
445 1987 668 2055 Clitomachum,
689 1984 752 2045 chm
778 1987 934 2051 Carneades

61 2062 95 2121 &
111 2063 218 2121 Stoicus
233 2064 376 2139 Diogenes
390 2062 425 2122 ad
438 2061 560 2122 senatum
577 2064 605 2123 in
621 2063 760 2137 Capitolio
772 2062 886 2135 starent,
897 2068 933 2126 A.

61 2138 217 2205 Albinum,
237 2141 381 2215 quitum,
401 2140 431 2197 P.
455 2139 583 2215 Scipione
612 2142 642 2199 &
656 2140 698 2197 Μ.
721 2140 855 2199 Marcello
870 2141 935 2203 coff.
1011 2204 1021 2209 ,

60 2216 167 2290 praethr
181 2212 263 2284 effet,
281 2235 364 2285 curn,
385 2217 431 2292 qui
447 2233 512 2272 cum
527 2233 581 2274 avo
597 2227 665 2286 tuo,
686 2215 819 2286 Luculle,
839 2218 935 2279 consul

60 2288 134 2358 suit,
155 2291 269 2350 dodlum
283 2292 345 2350 sane
358 2294 522 2360 hominem,
540 2305 571 2350 ut
583 2293 686 2351 indicat
707 2290 787 2368 ipsius
807 2293 932 2365 historia,

59 2365 158 2440 scripta
180 2367 305 2436 Graecd,
327 2371 471 2444 jocantem
493 2364 586 2427 dixiffe
607 2368 764 2428 Carneadi:
788 2387 841 2444 ego
864 2368 932 2443 tibi,

61 2441 229 2514 Carneade,
250 2457 350 2520 praetor
370 2443 423 2503 else
437 2462 496 2502 non
518 2444 638 2513 videor,
664 2445 728 2521 quia
748 2442 851 2520 sapiens
871 2451 930 2508 rion

58 2517 140 2577 sum:
161 2531 233 2579 uncc
248 2522 309 2578 haec
323 2522 400 2590 urbe,
421 2521 495 2578 hnec
517 2522 545 2579 in
567 2538 599 2578 ea
619 2522 722 2579 civitas.
761 2521 840 2580 Tum
860 2522 905 2582 ille
921 2540 954 2639 ,Ε
970 2531 1063 2582 neus.

59 2593 127 2655 huic
141 2598 235 2655 Stoico
253 2614 310 2654 non
333 2597 441 2654 videris.
477 2596 672 2656 82Aristoteles
688 2639 696 2665 ,
715 2607 762 2656 aut
786 2599 926 2659 Xenocra·
970 2605 1001 2639 ¹¹²
1015 2594 1050 2650 ¹²·-

60 2681 101 2730 tes
116 2713 125 2740 ,
146 2689 216 2748 quos
231 2673 388 2732 Antiochus
401 2673 475 2750 sequi
489 2672 600 2733 volebat
619 2715 628 2745 ,
648 2691 706 2732 non
727 2671 907 2764 dubitavisset·
920 2720 929 2747 ,
941 2657 993 2702 MS·

861 2768 930 2826 qum

89 2897 127 2938 82.
144 2889 189 2935 Sed
198 2887 235 2934 ult
244 2889 354 2943 Socrates,
369 2889 406 2935 ubi
416 2887 546 2946 ,Aristoteles
557 2888 597 2948 ista
608 2888 699 2950 torigia]
713 2887 790 2935 Nullo
800 2885 876 2935 modo
887 2890 929 2936 Se·

57 2966 123 2998 mres
134 2950 182 3014 legi
197 2951 294 3013 potest,
310 2949 441 2999 adversatur
458 2952 522 2999 enirn
538 2951 578 3008 ei,
600 2952 665 3012 quod
681 2949 753 3012 paulo
770 2950 834 3013 supra
851 2949 929 3010 dixit,

57 3018 104 3061 Non
115 3013 172 3076 quid
181 3017 238 3059 mihi
249 3013 392 3071 displiceant,
409 3014 459 3073 sunt
471 3020 527 3059 enim
543 3017 651 3060 Socratica
665 3015 771 3071 pleraque.
804 3013 872 3062 Nihil
889 3029 931 3064 att·

57 3087 107 3126 rem
119 3082 240 3126 Socratem
257 3077 367 3140 seriptum
384 3074 500 3137 reliquisse
516 3077 568 3137 quis
584 3073 677 3122 nesciri
704 3080 781 3132 Quare
798 3089 851 3124 oum
870 3080 933 3127 anci·

56 3141 110 3202 quis
121 3137 186 3188 libris
201 3144 328 3186 Xenorrares
339 3136 465 3203 legendnm
478 3136 528 3184 eil:
545 3138 569 3186 hi
580 3138 645 3184 enim
659 3136 708 3187 duo
725 3138 846 3187 Platonica
864 3139 932 3189 disci·

55 3203 127 3266 plina
138 3203 217 3250 vicarii
229 3201 373 3251 exstirerunt.
407 3199 543 3249 Academici
560 3199 589 3248 ab
605 3199 669 3255 hoc,
685 3198 715 3248 ab
726 3200 853 3251 Aristotele
868 3205 932 3253 Peri·

54 3265 153 3328 parerici
164 3267 328 3328 cognominari
341 3272 399 3312 tunt.
420 3264 498 3326 ,sperit
510 3262 586 3312 adbuc
597 3265 673 3328 magis
683 3263 742 3320 hoc,
761 3264 825 3327 quod
838 3267 929 3328 inquit:

52 3334 101 3375 Hos
112 3330 170 3372 enim
180 3328 240 3390 quast
249 3331 328 3374 eosdem
340 3329 376 3389 effe
389 3329 473 3375 vultis:
490 3343 540 3372 nam
552 3328 601 3372 illos
611 3343 637 3372 ex
647 3329 717 3374 erdem
731 3328 792 3385 fonte
807 3342 861 3374 orror
872 3333 931 3377 lavi·

49 3403 87 3437 rer
99 3389 186 3448 r'nrerse
196 3391 334 3449 drffintienres
345 3393 411 3438 multi
422 3388 511 3437 idem're
523 3390 602 3449 finrire
612 3390 766 3451 existimabant.
800 3391 886 3440 Cicero
902 3393 929 3439 in

50 3449 101 3505 hoc
120 3451 185 3502 libro
201 3451 343 3505 <seriumne
360 3453 480 3519 loquens,
500 3456 572 3499 Atrtr
585 3455 640 3514 quia
656 3455 746 3518 reliquit
757 3453 929 3518 perfluiffimm

452 3592 456 3599 ⁵
485 3517 548 3603 aar
562 3517 648 3580 tttt
886 3518 932 3562 a,-

1067 3519 1075 3533 X

1039 3564 1082 3672 ΙΙ

1040 3662 1044 3669 ι
