2318 3914
209 130 292 194 2534
416 106 479 173 Dr
500 104 590 178 Pru.
609 104 708 171 Bou.
728 122 780 170 Ετ
801 102 923 171 ΜΑιζ

208 216 264 275 sese
278 216 431 275 contineri:
452 229 602 292 motusque
627 215 730 274 solutos
769 215 799 273 δι
821 231 936 290 vagos,
955 210 975 273 l
999 226 1098 277 namn
1136 245 1138 263 ι

162 293 167 301 ”
213 292 261 350 fibi
276 294 409 361 tributm,
429 295 581 368 requirunt.
1134 301 1138 372 ⁸:

163 396 198 457 57
250 369 365 456 ltaque,
385 382 416 427 ut
431 373 548 445 quisque
560 368 678 456 ‚optime
706 381 785 429 natus
817 368 1019 455 institutusque
1039 369 1097 441 eil,

210 442 263 503 elle
277 464 397 504 ommno
411 448 482 504 nolit
495 449 524 505 in
539 459 612 515 vrtn,
651 447 672 505 sr
685 444 810 521 gerendis
835 448 956 520 negotiis
983 446 1097 505 orbatus

94 544 121 593 ι,
136 540 163 592 B.
210 522 291 597 pollit
305 522 471 597 paratiffrmis
487 522 559 581 vesci
575 523 768 599 voluptatibus.
805 539 871 580 nam
893 534 942 579 aut
960 524 1096 596 privatim

210 600 312 674 aliquid
327 617 421 674 gerere
437 599 559 660 malunt:
579 613 642 670 aut,
664 604 712 675 qui
725 600 823 658 altiore
837 599 934 656 animo
948 598 1034 666 sunt,
1050 617 1097 657 ca·

209 674 317 750 pellunt
332 677 531 750 rempublicam
557 677 710 735 honoribus
736 676 914 751 imperiisque
937 675 1096 750 adipiscen-

125 814 129 827 .
209 751 268 821 dis,
285 763 332 809 aut
346 764 421 811 totos
436 753 462 813 se
475 753 510 811 ad
523 752 608 812 studia
622 753 758 812 doclrinae
779 753 938 810 conferunt.
983 770 1042 826 qna
1065 754 1093 811 in

211 830 298 896 vira,
328 839 354 882 52
370 841 479 887 tantum
512 829 584 886 abest
624 842 654 889 ut
688 832 842 905 voluptates
876 826 1095 896 consecrentur.

211 906 296 963 etiam
312 922 404 973 curas,
424 906 635 975 sollicitudines,
656 908 758 982 vigilias
774 907 938 980 perferunt:
969 908 1093 979 optirna-

211 999 267 1058 que
285 995 361 1057 parte
381 983 526 1051 hominis,
546 1000 611 1058 quae
632 985 661 1041 in
683 984 761 1041 nobis
777 982 870 1040 divina
889 980 1024 1039 ducenda
1039 981 1093 1050 est,

60 1071 191 1127 limantur
211 1060 359 1133 ingenii&
374 1061 475 1117 mentis
490 1061 550 1117 acie
568 1056 732 1125 ineuntur,
752 1075 805 1117 nec
827 1057 1027 1132 kvoluptatem
1051 1076 1094 1115 re·

59 1137 112 1211 arus.
212 1135 366 1210 quirentes,
386 1154 438 1194 nec
455 1135 590 1210 fugientes
611 1136 744 1197 laborem.
783 1152 836 1192 nec
858 1132 927 1191 verb
949 1135 1092 1192 intermit-

59 1196 275 1274 l‘.¹.“²¹‘¹‘⁹⁸·tunt
290 1224 337 1269 aut
350 1212 564 1271 admirationem
580 1230 674 1270 earum
690 1230 798 1278 rerum,
818 1228 883 1287 quae
904 1209 968 1269 sunt
991 1210 1026 1267 ab
1043 1229 1093 1269 an·

59 1262 163 1395 {siffis
211 1289 293 1364 tiquis
307 1302 439 1363 repertae,
459 1302 506 1346 aut
521 1288 761 1363 investigationem
777 1304 915 1346 novarum
933 1307 939 1343 :
961 1304 1022 1363 quo
1037 1286 1091 1345 stu-

162 1359 171 1377 ’
212 1363 260 1425 dio
281 1363 345 1423 cum
361 1365 447 1423 satiari
460 1384 518 1424 non
534 1362 661 1440 potsunt,
683 1367 813 1424 omnium
827 1376 984 1421 ceterarum
999 1380 1091 1422 rerum

212 1441 306 1510 obliti,
326 1443 393 1499 nihil
409 1442 565 1517 abjectum,
584 1443 652 1500 nihil
665 1442 771 1500 humile
787 1441 911 1515 cogitant
928 1460 935 1497 :
955 1454 1092 1513 tantaque

211 1518 250 1581 est
266 1520 305 1577 vis
320 1519 415 1577 talibus
436 1520 465 1581 in
486 1519 602 1587 studiis,
629 1531 660 1577 ut
681 1537 730 1578 eos
751 1519 834 1576 etiam
852 1559 860 1586 ,
880 1519 930 1591 qui
952 1516 1001 1574 sibi
1022 1517 1089 1574 alios

211 1595 413 1675 proposuerunt
426 1594 493 1652 fines
509 1597 649 1653 bonorum
666 1638 674 1662 ,
694 1613 765 1672 quos
785 1594 901 1652 utilitate
936 1607 985 1652 aut
1009 1594 1088 1651 volu·

210 1685 287 1747 prate
301 1671 435 1744 dirigunt:
456 1674 599 1730 tamenin
622 1672 700 1730 rebus
721 1669 877 1747 quaerendis
909 1668 1090 1744 explicandis-

212 1766 268 1824 que
283 1749 383 1807 naturis
398 1759 493 1806 aetates
508 1761 652 1807 conterere
667 1749 819 1807 videamus,

165 1844 202 1916 53
249 1824 325 1881 XXI.
345 1824 456 1881 Enoo
478 1842 550 1881 noc
572 1824 686 1902 quidem
707 1838 817 1900 apparet
838 1865 847 1890 ,
866 1840 919 1880 nos
940 1822 978 1881 ad
1005 1840 1117 1905 agen-¹

171 1917 174 1923 '
210 1900 279 1959 dum
295 1899 348 1958 effe
362 1914 450 1959 natm.
489 1901 633 1960 achonum
649 1914 741 1958 autem
756 1918 856 1975 genera
871 1900 968 1973 plura,
988 1913 1020 1958 ut
1040 1899 1091 1959 ob-

208 1977 348 2036 scurentur
376 1979 460 2035 etium
491 1979 600 2037 minora
629 1978 786 2052 majoribus.
829 1977 964 2033 maxirnae
993 1988 1091 2035 autem

205 2054 284 2121 sunt,
305 2053 445 2128 primurn,
464 2066 495 2111 ut
509 2055 577 2112 mihi
591 2055 705 2129 quidem
722 2054 846 2120 ridetur,
865 2055 894 2110 &
907 2054 949 2120 iic,
965 2070 1091 2128 quorum

207 2132 327 2189 nuncin
348 2132 454 2188 ratione
476 2131 638 2198 versamur,
668 2130 887 2188 53c0ns1derntio
922 2131 1091 2203 cognitione

208 2223 301 2264 rerum
317 2206 466 2264 caelessium
494 2208 523 2265 &
539 2223 649 2275 earum,
673 2226 740 2282 quas
764 2206 780 2264 i
809 2219 905 2263 natura
934 2206 1090 2265 occultatas

210 2283 375 2347 &latentes
409 2282 537 2355 indagare
558 2285 629 2340 ratio
651 2284 763 2357 potest:
784 2282 884 2339 deinde
905 2283 1093 2356 rerumpubli-

211 2375 307 2423 carum
330 2357 588 2428 §tadministrati0,
615 2373 661 2417 aut
691 2358 895 2419 administrandi
927 2358 1093 2495 stienhique

955 2453 1008 2509 pru
1030 2454 1092 2506 ens,

242 2591 278 2631 52.
295 2578 389 2621 Tantum
398 2573 496 2629 abellae
505 2579 625 2640 voluptates
636 2577 782 2637 conjicientur,
790 2577 846 2635 dio]
857 2574 892 2623 Sic
903 2573 998 2621 locutus
1005 2574 1047 2624 lib.
1057 2589 1090 2626 Π.

208 2642 303 2693 Tormmt
324 2638 378 2697 abest
392 2650 416 2683 ut
427 2639 451 2696 se
468 2642 566 2686 indicet:
593 2643 687 2703 perficiet
702 2644 787 2693 etiam,
808 2654 832 2686 ut
848 2641 917 2684 dolere
934 2640 978 2683 alte
995 2642 1093 2700 improbe

204 2700 265 2760 fhilo
281 2701 390 2747 videatur.
420 2704 457 2753 ‚Et
467 2703 492 2748 iu
504 2707 592 2750 Bruto:
611 2709 705 2750 Timum
719 2707 790 2749 aberat
803 2737 810 2758 ‚
828 2706 862 2750 M.
880 2702 986 2757 Mindi,
1001 2716 1027 2748 nt
1039 2707 1093 2749 ani-

208 2780 253 2815 mos
270 2764 347 2821 nostros
368 2764 533 2823 inflammares:
561 2767 660 2826 fornoum
687 2766 724 2823 iiia
748 2769 789 2812 ioco
811 2770 852 2812 vix
872 2766 999 2813 tendamus.
1035 2771 1092 2813 Hoc

208 2827 324 2890 exemplis
335 2826 528 2877 confirmandum
546 2830 644 2890 putavi,
667 2844 696 2876 ne
712 2831 765 2889 quis
783 2827 910 2891 legendum
926 2828 1091 2885 existimaret,

206 2904 231 2937 ur
242 2893 308 2935 eriam
315 2891 423 2949 perfhranr
435 2909 443 2937 .·
461 2890 528 2953 quod
539 2893 641 2939 omnino
652 2893 742 2939 videtur
754 2888 874 2947 ufitarius3
892 2905 974 2938 verum
986 2891 1088 2940 nechoc

209 2952 384 3007 excludendum
394 2954 427 3003 est
438 2953 553 3016 loquendi
564 2969 645 3017 genus.
663 2960 689 3005 P.
700 2959 786 3002 Minui.

239 3032 277 3070 53.
293 3019 432 3075 Confiderario
449 3022 578 3079 cognitioque
595 3035 666 3063 rerum
685 3016 823 3076 celestium]
854 3017 958 3080 Scaliger
981 3013 995 3063 ὲ
1013 3016 1091 3067 veteri

207 3076 283 3132 libro,
300 3081 434 3138 confiderarii
447 3084 569 3143 cogitatione
580 3098 651 3129 rerum
658 3098 666 3136 3
683 3083 708 3131 &
718 3079 761 3143 ipri
772 3080 914 3137 adlubescit,
928 3091 953 3127 ut
965 3078 1091 3128 theoriam

208 3138 323 3204 designet.
358 3147 445 3192 Gruter.

242 3220 280 3259 54.
298 3205 496 3264 Admi'nilirario,
524 3220 563 3254 aiu
587 3207 757 3265 administrandi
777 3205 900 3266 fticndique
917 3204 1010 3267 prudens
1031 3205 1094 3264 irc]

210 3267 295 3315 Paullo
312 3269 423 3315 Manutio
434 3270 511 3331 potius
528 3270 618 3319 viderur
630 3271 735 3330 scienn'a3
749 3282 796 3314 rum
808 3271 906 3331 prudens.
924 3265 990 3329 quod
1001 3270 1093 3330 reperit

212 3327 239 3381 in
252 3330 325 3376 veteri
334 3330 408 3384 libro,
424 3333 546 3395 exstatque
557 3333 633 3382 solum
645 3333 670 3379 in
683 3333 729 3380 Pal.
742 3329 821 3387 semo,
837 3346 899 3377 notre
911 3331 1019 3392 alioquin
1031 3346 1092 3393 pro·

210 3390 271 3447 rritae
286 3390 354 3442 libro.
376 3392 447 3442 habet
462 3407 544 3452 tamen
558 3399 632 3453 eriam
646 3394 762 3451 adoram
776 3393 809 3445 sui
824 3395 944 3458 Scaliger,
958 3405 1091 3455 tamquam

203 3452 329 3529 probaret.
360 3460 432 3518 crin,
1062 3522 1067 3530 ⁸

900 3562 904 3570 .
948 3546 954 3552 -
988 3522 1107 3577 wilm,
