2234 3900
233 168 313 229 2324
403 147 603 211 Aenoeu.
624 143 936 227 Quiesrronuat

232 256 306 329 quasi
321 260 397 319 malis
411 258 561 318 architectis
583 258 719 317 mensurae
738 256 832 317 vellrae
851 276 928 335 nego
944 257 957 320 l

232 334 321 394 menli
334 338 445 395 refertis.
464 352 530 410 ergo
546 336 657 393 eredere
681 334 795 394 dubium
814 334 877 405 est,
897 346 957 395 uter.

232 409 281 481 fit,
301 414 396 471 leviter
410 425 441 471 ut
456 412 564 481 dicam,
586 410 787 469 verecundior?

170 504 220 560 127
269 488 370 565 Neque
385 504 479 548 tamen
502 489 560 546 illas
575 488 740 564 quaelliones
764 484 939 563 phylicorurn

232 566 334 625 nandas
349 581 426 642 puto.
464 566 500 623 est
515 567 589 623 enim
610 566 771 621 animorum
797 565 957 639 ingeniorun

232 643 318 699 turale
339 642 481 719 quoddam
503 640 577 717 quali
598 641 728 715 pabulum
756 638 936 701 confideretio

85 733 102 779 q
117 719 225 795 elatiores
234 716 373 793 platioque
392 732 519 777 naturae:
541 720 692 793 erigimur;
719 717 848 774 elatiores
866 715 957 777 fieriv

83 786 132 831 “³''-
155 785 354 853 ”tenuatam
380 795 563 869 despicimus:
591 794 798 869 cogitantesque
818 792 910 867 supera
934 806 957 855 al

84 850 181 896 mm·
232 869 304 927 lellia
320 914 329 938 ,
347 872 409 929 lraec
431 872 537 940 nostru,
557 884 587 928 ut
609 872 706 941 exigua
726 871 757 927 δι
777 870 916 939 minima,
934 887 957 933 cl

230 963 300 1003 mus.
319 948 456 1021 indagatio
472 948 524 1023 ipl‘n
539 966 627 1005 rerum
641 960 701 1003 tum
717 947 916 1015 maximarum,
933 957 957 1005 tu

231 1024 488 1091 occulrillimarum,
508 1025 588 1081 habet
602 1022 827 1081 oblectationem.
864 1022 884 1081 sr
903 1020 957 1081 veri

232 1114 374 1169 occurret,
394 1100 469 1175 quod
485 1099 629 1157 verilimile
644 1100 784 1169 videatur,
803 1098 957 1178 humaniffiu

230 1174 319 1249 pletur
333 1180 439 1235 animus
452 1177 600 1250 veluptate.

168 1260 221 1319 128
267 1253 382 1325 Quaeret
395 1255 475 1328 igilur
490 1253 587 1311 lraec&
602 1252 688 1311 uester
701 1251 803 1327 sapiens
817 1254 847 1312 δι
860 1252 906 1311 hic
920 1250 957 1313 do

229 1327 332 1398 vester,
347 1343 384 1388 ut
397 1328 566 1397 allentiatur,
586 1329 697 1397 credat,
716 1328 840 1387 affirmet.
880 1328 957 1389 noster

228 1418 318 1461 reatur
332 1405 437 1465 temere
450 1408 570 1481 opinari;
592 1404 775 1481 praeclareque
789 1407 833 1481 agi
845 1404 957 1483 secuml

230 1481 259 1537 in
272 1482 409 1556 ejusmodi
423 1484 515 1552 rebus,
538 1482 678 1541 verilimile
691 1481 771 1556 quod
782 1482 831 1551 fit,
850 1482 957 1543 invene

230 1558 338 1615 niamus
352 1578 427 1617 nunc
440 1559 474 1617 ad
497 1560 636 1618 bonorum
663 1558 857 1634 malorumque
871 1559 957 1619 notior

118 1642 142 1687 r.
158 1643 184 1687 n.
230 1634 378 1707 paullulum
393 1635 456 1694 ante
474 1636 623 1694 dicendum
638 1635 683 1693 est.
721 1652 781 1694 non
795 1635 865 1694 mihi
882 1636 957 1697 viden

84 1701 203 1792 sphyfica
230 1708 345 1769 fiderare
355 1756 362 1780 ‚
371 1710 433 1770 ciam
447 1712 567 1787 rpnyfici
581 1714 626 1770 ista
640 1709 720 1769 valde
734 1711 957 1780 affirmantem

83 1783 134 1815 Μ·
230 1802 321 1845 rerum
336 1786 543 1857 auctoritatem,
564 1788 582 1846 sr
596 1806 659 1865 quae
673 1786 824 1847 illustriores
832 1787 957 1849 videantu

229 1874 297 1921 tere.
336 1868 484 1924 nonenim
509 1868 592 1942 magis
613 1863 813 1934 allentiuntur,
832 1880 924 1942 neque
941 1882 956 1925 a

227 1938 320 1999 lucere
342 1960 416 2000 nunc
441 1943 545 2019 quim,
566 1941 628 2001 ciun
645 1942 741 1999 cornix
756 1942 902 2009 cecinerit,
922 1952 957 2000 tur

231 2034 293 2075 eam
309 2032 355 2077 aut
372 2020 468 2093 jubere
484 2063 493 2089 ‚
512 2033 559 2078 nur
579 2030 693 2075 vetere:
714 2035 767 2075 nec
788 2018 874 2091 magis
895 2016 957 2077 affirr

230 2093 336 2168 signum
359 2096 447 2165 illud,
466 2096 579 2154 fierunt
599 2093 684 2152 menli
701 2135 709 2161 ‚
729 2092 775 2151 serr
789 2094 893 2168 pedum
909 2089 957 2153 effe

228 2170 331 2239 solem,
352 2189 436 2245 quem
452 2174 539 2229 metiri
555 2190 611 2229 non
626 2166 758 2242 poliunt,
783 2170 842 2243 plus
857 2168 942 2246 quim

230 2247 298 2321 ginti
312 2248 429 2319 partibus
444 2250 578 2321 majorem
595 2245 647 2305 effe
667 2244 752 2320 quim
771 2257 880 2304 terram.
919 2246 957 2305 Er

229 2321 371 2379 conclusio
386 2322 514 2380 nascitur:
533 2322 570 2392 fi,
589 2323 628 2381 sol
641 2334 757 2398 quantus
771 2320 804 2379 fit
819 2364 827 2391 ,
847 2322 949 2398 percipi

228 2396 295 2466 rest,
316 2400 362 2473 qui
378 2411 479 2456 ceteras
493 2416 533 2456 res
546 2400 647 2457 codem
668 2397 780 2465 modo,
799 2416 858 2474 quo
873 2415 954 2473 magn

227 2472 305 2542 solis,
326 2476 473 2549 approbat,
492 2477 513 2534 is
527 2493 570 2533 eas
584 2493 623 2533 res
637 2493 694 2533 non
709 2476 831 2548 percipit.
869 2475 957 2549 magni

225 2560 283 2607 tem
297 2552 357 2609 solis
371 2554 473 2627 percipi
486 2572 542 2611 non
559 2550 654 2625 potest.
692 2552 740 2626 qui
756 2550 836 2625 igitur
848 2550 957 2627 approln

223 2628 377 2702 percipiat,
397 2630 498 2686 nullam
520 2646 578 2686 rem
606 2628 727 2702 percipit.
766 2626 957 2702 Responderin

223 2704 325 2780 percipi
358 2720 473 2781 quintus
501 2704 539 2763 sol
564 2704 603 2762 fit.
642 2722 699 2761 non
729 2704 886 2777 repugnabo
903 2746 912 2773 ,
931 2704 957 2763 dr

228 2782 329 2841 eodem
352 2781 432 2858 patto
458 2795 547 2839 cetera
573 2780 674 2854 percipi
713 2781 957 2857 comprehendique

228 2876 282 2917 nec
310 2862 383 2919 enim
406 2856 514 2932 poliunt
536 2858 650 2924 dicere,
678 2855 749 2912 aliud
770 2856 823 2913 alio
847 2858 932 2932 magis

226 2937 425 3011 comprehendi
436 2936 585 3012 :quoniam
601 2932 728 2990 omnium
743 2948 833 2989 rerum
848 2950 903 2991 una
917 2930 954 2991 est

228 3014 490 3083 comprehendendi.

166 3114 218 3174 129
266 3087 356 3143 XLll.
376 3090 470 3156 Seu,
497 3105 601 3158 ouon
625 3101 785 3157 coeperam:
812 3084 890 3159 Quid
909 3086 957 3147 hal

227 3162 305 3220 rebus
326 3163 404 3219 bonis
419 3168 448 3220 ὅ(
464 3166 539 3221 malis
554 3160 705 3237 explorati?
726 3178 828 3234 nempe
843 3160 910 3219 fines
925 3180 957 3222 co

226 3238 253 3295 di
267 3237 343 3305 sunt,
363 3238 397 3294 ad
411 3256 481 3314 quos
496 3242 524 3295 ὃς
538 3239 676 3296 bonorum
692 3238 721 3294 &
742 3237 879 3295 malorum
900 3238 957 3298 sum

224 3326 305 3371 ratur.
346 3314 411 3387 Qun
433 3312 468 3370 de
489 3329 516 3369 re
539 3314 574 3370 est
592 3315 672 3388 igitur
686 3314 757 3371 inter
770 3312 893 3373 summos
908 3318 957 3375 virt

77 3386 369 3510 ;,‚fp{g‘'sti”diffenfi⁰?
391 3390 436 3447 ⁸&
452 3388 554 3447 omitto
568 3389 628 3458 illa,
648 3406 713 3465 quae
726 3389 889 3468 relictaiaru
903 3392 957 3453 vidi

348 3661 402 3722 ,Δ
