2318 3914
227 154 418 219 haara
464 147 758 217 Tanarus.
865 168 945 239 2441

64 256 157 320 animi
171 256 390 331 magnitudinem
406 250 619 330 complemur,
638 253 668 314 ae
679 254 808 331 justitiam
829 295 841 325 ,
860 256 891 316 dc
909 269 943 319 ut

65 335 190 403 omnia,
209 350 273 409 quae
293 333 405 393 homiui
424 328 576 399 accidant,
603 330 673 390 inira
692 329 719 388 se
740 328 793 390 esse
811 330 938 407 judicet:

65 412 148 489 quod
167 409 240 468 idem
261 411 292 470 in
314 409 412 469 ceteris
433 405 534 466 artibus
560 422 621 465 non
643 408 787 483 contingit.
826 406 940 469 Tenere

67 498 163 547 autem
179 487 291 547 virtutes
305 494 350 545 eas
364 484 448 562 ipsas,
468 498 586 560 quarum
602 482 692 543 modb
707 483 883 543 mentionem
898 487 940 545 fe-

67 565 113 634 ci,
133 579 219 624 nemo
235 565 355 638 poterit,
375 559 425 619 nifi
437 560 574 630 statuerit,
593 559 662 619 nihil
678 557 749 632 effe,
769 559 847 637 quod
860 560 944 621 inter·

66 639 101 699 fit
126 651 172 699 aut
193 638 305 699 disserat
318 637 392 697 aliud
407 637 439 695 ab
452 637 524 705 alio,
544 647 644 712 praeter
660 638 773 696 honesta
795 637 826 695 ἃ
846 638 944 713 turpia.

67 716 224 776 Videamus
238 733 331 784 nunc,
352 713 438 792 quim
452 712 504 773 fint
516 711 646 790 praeclarb
659 713 703 773 illa
726 715 757 773 iis
774 756 784 784 ,
803 729 869 789 quae
884 716 945 790 jam

68 792 164 869 posui,
187 792 394 868 consequentia.

110 867 186 927 Clam
206 870 283 928 enim
304 869 360 927 hoc
380 867 413 927 fit
432 872 589 928 extremum
616 866 707 941 (sentis
728 868 822 938 enim,
844 865 993 944 credo,2⁶
1088 906 1091 911 -

68 962 119 1005 me
131 947 192 1020 jam
208 945 273 1016 diu,
293 944 367 1020 quod
383 946 463 1010 τέλος
478 945 594 1003 Graecus
607 943 698 1014 dicat,
717 944 747 1003 id
767 945 859 1003 dicere
883 956 947 1005 tum

71 1032 252 1092 extremum,
269 1033 330 1080 tum
345 1020 560 1090 ultimum,tum
576 1020 734 1080 summurn:
753 1020 846 1080 licebit
861 1022 948 1081 etiarn

71 1096 161 1155 finem
177 1114 228 1172 pro
248 1104 373 1157 extremo
398 1107 445 1156 aut
462 1098 571 1161 ¹ultimo
593 1097 697 1172 dicere)
717 1095 782 1156 clm
803 1115 871 1174 ergo
891 1098 949 1157 hoc

73 1172 108 1231 srt
130 1185 312 1243 extremum,
345 1191 399 1235 con
420 1184 529 1233 menter
554 1186 661 1234 naturae
690 1175 948 1251 convenienterque
1046 1196 1049 1201 ·

74 1250 195 1318 vivere,
226 1247 374 1309 necessario
397 1191 542 1326 {quintu
569 1266 668 1323 omnes
688 1249 820 1324 sapientes
840 1249 948 1326 semper

75 1326 210 1395 feliciter,
229 1325 366 1396 obsolute,
386 1324 526 1384 fortunate
540 1326 653 1394 vivere,
672 1326 744 1384 nulla
759 1344 787 1385 re
802 1328 948 1401 impediri,

76 1401 150 1460 nulli
165 1402 301 1477 prohiberi
316 1444 326 1471 ,
346 1401 419 1461 nullia
432 1419 521 1479 egere.
541 1401 629 1475 Quod
644 1414 738 1460 autem
755 1404 879 1461 continet
888 1421 949 1463 nou

42 1506 45 1511 ·
77 1479 164 1552 magis
176 1496 239 1538 eam
255 1478 440 1553 disciplinam,
460 1477 496 1538 de
516 1495 572 1556 qua
590 1479 716 1554 loquor,
774 1476 838 1537 uam
862 1481 951 1539 vitam

76 1554 256 1632 fortunasque
270 1555 389 1624 nostras,
408 1554 506 1624 idest,
525 1565 573 1626 ut,
594 1553 671 1635 quod
684 1497 830 1614 horre‘lum
845 1554 904 1626 fit,
922 1554 952 1614 id
1028 1568 1032 1579 ·

79 1629 170 1701 solum
186 1631 292 1690 bonurn
303 1631 471 1707 judicemus.

24 1724 26 1729 ·
117 1707 197 1765 Vlll.
216 1708 370 1768 Porusr
390 1708 420 1766 id
445 1706 560 1784 quidem
587 1707 669 1779 fuse,
699 1708 729 1767 δε
758 1707 894 1786 copiose,
921 1709 951 1768 ὅτ

77 1782 209 1842 omnibus
240 1782 424 1842 ⁰ele6iffimis
447 1783 535 1844 verbis
579 1784 792 1861 graviffimisque
812 1786 977 1845 sententiiso
993 1790 1092 1855 haisti<

80 1858 221 1920 rhetorice
236 1861 372 1936 &augeri
399 1861 429 1920 δι
450 1861 558 1920 ornari:
577 1859 623 1919 sed
637 1860 802 1919 consederia
817 1878 864 1920 me
878 1863 951 1921 Stoi·
961 1857 1070 1910 modia.

79 1952 180 1994 corum
207 1935 300 1995 brevia
326 1937 354 1994 δι
379 1948 458 1996 acuta
478 1935 624 1995 delesiant.
670 1937 881 1997 Concluduntur
903 1939 998 2014 igi-27

81 2025 128 2071 tur
152 2028 252 2070 eorum
274 2025 434 2088 argumenta
455 2010 515 2072 fic:
543 2011 633 2088 Quod
656 2011 693 2072 est
714 2013 845 2084 bonum,
866 2031 954 2072 omne

79 2087 216 2146 laudabile
236 2087 282 2146 eli.
321 2088 397 2165 quod
414 2099 507 2147 autem
527 2087 661 2148 laudabile
684 2087 738 2159 est,
759 2107 846 2148 omne
864 2090 956 2151 hone·

81 2164 155 2222 stum
170 2163 216 2222 est.
242 2164 349 2223 bouum
364 2165 446 2240 igitur
458 2167 535 2240 quod
550 2165 605 2234 est,
625 2165 771 2224 honestum
786 2167 831 2224 est.
852 2165 956 2225 Satisne

79 2240 138 2300 hoc
151 2239 313 2300 conclusum
327 2240 456 2300 videtur?
476 2239 567 2302 Certe.
606 2241 684 2317 quod
698 2243 774 2300 euim
789 2242 957 2301 efficiebatur

82 2334 119 2375 ex
139 2317 182 2376 his
203 2317 333 2387 duobus,
352 2335 417 2394 quae
439 2331 516 2378 erant
534 2319 664 2393 sumpta,
690 2319 719 2377 in
743 2337 778 2377 eo
800 2318 876 2378 vides
899 2316 980 2378 effer
995 2310 1073 2387 ¹¹⁰⁰?

83 2391 253 2452 conclusum.
292 2392 411 2454 duorum
426 2404 538 2465 autem,
559 2393 686 2470 equibus
700 2393 798 2453 effedla
812 2394 952 2454 conclusio
964 2374 1083 2489 maffia

85 2469 141 2538 est,
161 2483 258 2528 contra
271 2469 390 2546 superius
405 2472 459 2530 dici
473 2470 563 2539 solet,
585 2488 643 2529 non
663 2488 751 2531 omne
771 2472 877 2530 bonurn
901 2470 1071 2553 esseeflm

84 2545 228 2605 laudabile.
257 2563 323 2605 nam
338 2546 415 2623 quod
428 2547 583 2607 nlaudabile
597 2545 646 2617 fit,
665 2548 811 2607 honestum
825 2546 956 2608 ellecon·
965 2580 1019 2616 vm,

85 2621 202 2681 ceditur.
230 2621 300 2681 Illud
314 2634 407 2682 autem
421 2623 631 2699 perabsurdum,
651 2623 762 2684 Bonum
776 2620 829 2683 effe
843 2625 957 2702 aliquid,
983 2629 1007 2681 γ’.
1018 2628 1114 2699 ιονιξ

86 2698 166 2774 quod
181 2716 241 2757 non
255 2698 441 2774 expetendum
455 2699 501 2760 fit:
522 2713 569 2759 aut
583 2701 788 2776 expetendum,
808 2701 885 2777 quod
898 2720 958 2761 non

86 2774 214 2851 placens:
227 2786 282 2833 aut
298 2817 308 2845 ,
326 2775 346 2834 ti
367 2776 419 2846 id,
440 2794 498 2835 non
518 2780 602 2836 etiam
629 2776 808 2854 diligendum.
848 2794 915 2851 ergo
930 2779 961 2836 ὃς

86 2851 272 2938 probandum.
310 2852 346 2911 ita
363 2853 446 2911 etiam
467 2852 610 2912 laudabile.
647 2853 676 2912 id
696 2866 790 2912 autem
804 2853 963 2915 honestum.

87 2940 128 2987 ita
142 2926 189 2999 fit,
209 2939 257 2998 ut,
277 2928 355 3004 quod
369 2929 476 2987 bonum
494 2928 543 2998 stt,
564 2929 592 2987 id
608 2929 691 2987 etiam
706 2929 852 2989 honeslum
870 2927 909 2988 fit.

127 3003 240 3064 Deinde
253 3022 370 3081 quaero,
389 3007 449 3078 quis
464 3016 511 3063 aut
526 3007 561 3064 de
578 3004 674 3065 misera
688 3007 743 3064 vita
766 3004 847 3082 possit
864 3005 963 3082 gloria·
973 2995 1010 3056 28

88 3081 130 3147 ri,
151 3093 277 3140 autnon
302 3080 339 3140 de
360 3079 465 3140 beata?
492 3081 528 3139 de
548 3080 604 3140 sola
624 3082 706 3156 igitur
725 3083 811 3142 beata.
849 3101 884 3142 ex
905 3099 964 3160 quo

92 3156 224 3228 efficitur,
243 3157 426 3234 gloriatione,
445 3169 477 3215 ut
492 3158 529 3215 ita
545 3156 635 3215 dicam
645 3158 773 3234 ,dignam
789 3156 842 3219 else
855 3160 966 3220 beatam

92 3232 202 3295 vitam:
224 3234 417 3312 ³5quod·non
439 3232 520 3312 poffit
542 3233 657 3311 quidem
677 3233 727 3294 nisi
753 3236 876 3302 honestae
897 3237 965 3326 ritae

901 3328 965 3390 jure

127 3512 166 3565 aa
182 3498 300 3575 θένω·
311 3498 596 3571 aminterninae]
618 3493 968 3611 voanttmonvrtuupearff
