2318 3914
226 116 309 203 ¹2414
414 105 476 178 Dr
497 111 585 176 Frn.
606 109 705 174 Bou.
725 124 775 173 ΕΤ
797 104 911 173 Mam

74 242 89 279 e
104 227 177 293 quint
222 212 463 297 doloremequem
479 217 656 280 maximum?
676 216 743 295 quid
756 216 855 277 euim?
873 219 998 281 summus
1011 220 1093 286 dolor

46 338 49 347 .
72 295 149 345 ὑπὸ.
221 295 311 370 plures
326 296 383 355 dies
396 315 508 356 manere
522 298 581 356 nun
596 294 711 371 potest?
730 294 796 355 vide
814 313 850 354 ne
872 299 957 356 etiam
976 302 1091 364 mensuit

222 371 274 431 nist
288 371 360 430 sorti
375 392 440 432 eum
456 374 539 444 dicis,
558 374 606 451 qui
621 372 783 449 stmulatque
796 372 932 447 arripuit,
952 375 1092 438 interficit.

221 449 282 524 quis
296 448 375 511 istum
392 448 517 509 dolorem
528 448 641 508 vtimet?
660 451 735 507 ilium
758 448 868 507 mallem
882 449 1012 523 levares,
1032 472 1092 531 quo

221 527 361 600 optimum
377 539 460 603 atque
473 527 697 587 humaniffimum
713 527 827 595 uirum,
848 527 901 584 Cn.
916 527 1073 590 orianum
1081 574 1092 604 ,

205 600 266 659 Μ.
280 603 487 669 nuntiarem
501 622 616 671 meum,
636 600 738 663 confici
750 601 808 660 vidi
822 621 829 660 ε
849 614 901 660 uec
915 604 1090 680 retbsemel,

168 677 171 687 '
218 695 272 735 nec
285 678 320 736 ad
333 679 416 738 breve
430 692 556 756 tempus,
575 679 621 738 sed
634 681 664 738 ὅτ
678 678 749 754 saepe
763 675 858 752 plane,
878 680 979 740 &diu
1018 701 1091 760 quos

217 753 280 824 ilie,
300 755 338 814 dii
350 757 535 815 immortales!
557 755 621 814 cirrn
636 768 735 814 ornnes
750 767 821 813 artus
841 754 936 815 ardere
958 757 1088 822 videren-

20 844 23 853 ·
114 878 121 896 ,
161 882 169 897 ,
216 841 277 899 tut,
299 834 431 891 eruciatus
444 830 619 907 perferebat?
644 849 698 890 nec
719 841 814 889 tamen
830 829 909 888 miser
923 831 1003 904 esse',
1024 839 1087 912 quit

216 904 356 965 summurn
373 908 402 966 id
417 908 521 967 malurn
540 927 600 968 nou
624 918 704 967 erat:
724 907 922 966 tantummode
936 909 1085 974 laboriosus

217 982 368 1043 videbatur.
407 995 435 1043 at
448 984 544 1055 miser,
564 985 626 1047 siin
650 982 744 1043 vitiosa
764 985 794 1042 &
817 982 946 1092 flassinost
968 988 1026 1047 vita
1045 991 1083 1049 as·

217 1055 313 1192 flujeztet
326 1060 518 1154 voluptatibus.
808 1136 855 1196 dl
956 1139 974 1197 b

167 1136 845 1290 ⁹⁴10ni¹qit3r3n2¹rstrinsiunt?
856 1153 1084 1294 sinsus

59 1291 188 1344 darum
213 1284 254 1345 srt.
275 1289 357 1348 rideo
379 1291 454 1350 eninr
477 1291 506 1349 &
536 1307 651 1365 magnos
678 1290 709 1348 &
729 1290 843 1349 eosdem
862 1287 956 1350 ibere
970 1293 1083 1371 longin-

60 1356 135 1405 taient
213 1380 283 1439 quor
297 1364 420 1426 dolores:
441 1382 560 1443 quorum
577 1366 662 1424 ¹8alia
681 1363 809 1424 toleratio
827 1362 867 1423 est
886 1370 1004 1437 vetiorr
1025 1388 1081 1447 qua

61 1415 128 1469 ωε·
211 1440 252 1498 uti
268 1459 318 1501 uos
333 1461 392 1500 non
405 1443 531 1518 potestis,
551 1445 598 1517 qui
613 1441 782 1500 honestatem
798 1440 880 1515 ipsam
902 1461 952 1518 per
972 1445 1001 1505 se
1019 1465 1079 1507 uon

210 1519 316 1575 amatis.
353 1519 527 1578 Fortitudinis
542 1519 671 1595 quaedam
692 1529 827 1593 praecepta
847 1514 931 1589 sunt,
950 1538 985 1580 ac
1006 1523 1078 1598 perte

156 1650 162 1655 ,
209 1592 300 1668 leges,
320 1613 384 1669 quae
398 1595 563 1653 effoeminari
577 1596 666 1653 vitum
682 1606 777 1653 vetant
788 1595 818 1652 in
832 1593 940 1655 dolore.
977 1616 1078 1675 quam·

208 1670 306 1727 obrem
319 1682 363 1728 tur
383 1689 398 1729 e
414 1670 564 1747 putandum
587 1670 648 1739 est,
668 1689 727 1731 non
748 1670 812 1727 dico
832 1670 927 1730 dolere
946 1673 1026 1748 (nam
1046 1675 1074 1736 id

208 1745 322 1820 quidem
337 1689 381 1805 eii
386 1747 524 1806 interdum
539 1744 664 1821 necesse)
681 1746 727 1805 sed
740 1744 834 1804 saxum
845 1746 911 1807 illud
917 1749 1069 1813 Lemnium

209 1821 330 1880 clamore
344 1823 524 1883 Philosietaeo
539 1824 688 1881 funestare:

284 1899 363 1974 Qud
377 1900 492 1972 ejuiaru,
512 1899 614 1977 questu,
631 1899 748 1973 gemitu,
762 1896 916 1969 fremitibus

281 1977 430 2051 Resonando
447 1975 596 2034 umanum
613 2016 622 2044 ,
642 1974 736 2050 flebiles
755 1992 826 2031 truces
845 1977 946 2055 refers„

207 2050 322 2111 ²⁰Huic
336 2050 468 2126 Epicurus
484 2063 626 2126 compatet
640 2050 688 2121 se,
707 2049 727 2107 sr
742 2050 846 2125 potest:

282 2129 334 2185 Cui
349 2130 464 2203 viperino
477 2138 562 2201 morsu
577 2147 646 2184 trinu
657 2127 785 2201 viscerum

281 2212 379 2261 Veneno
389 2203 491 2262 imbuta
504 2219 585 2262 rursus
598 2205 726 2261 cruciarus
739 2203 814 2262 cisat.

1026 2286 1068 2347 Sit
1114 2290 1116 2301 '

226 2513 261 2555 ts.
279 2506 383 2565 ,Quadam
393 2506 440 2552 aliu
449 2509 545 2555 toleratio
555 2502 584 2568 est
597 2508 689 2566 sterion]
715 2498 801 2574 'Rasin
811 2522 854 2572 pto
864 2504 977 2568 toleraris,
992 2509 1062 2563 habet

96 2566 98 2571 ¹
199 2570 366 2631 manuscriptus
381 2568 447 2619 liber.
469 2572 541 2629 vrstn.
575 2573 674 2630 Quorum
695 2572 741 2618 asia
755 2574 850 2617 reseratio
867 2571 896 2631 est
909 2577 1001 2632 verist3
1017 2593 1062 2640 qua

200 2622 256 2690 syn]
272 2635 330 2679 Non
341 2633 407 2704 potui
423 2635 523 2698 amplius
538 2631 669 2683 subtrahere
683 2632 817 2697 scripturam
829 2632 875 2682 Pal.
889 2648 923 2698 pr.
936 2650 984 2698 qua
1000 2639 1066 2688 ride·
1114 2686 1116 2709 Ι

199 2692 254 2741 barn
271 2695 327 2742 ioco
344 2694 379 2743 rsti
396 2697 480 2744 melius
495 2698 547 2746 fore
563 2697 635 2761 quam
649 2698 732 2762 ptius,
748 2711 802 2744 cum
812 2697 941 2759 legeretur:
958 2702 1065 2768 Quum

196 2758 244 2803 aliu
253 2761 350 2804 rorerario
360 2758 388 2818 est
399 2763 478 2809 verior.
509 2765 601 2809 Gruter.

231 2835 266 2873 19.
282 2825 378 2869 Murum.
384 2822 467 2880 flebiles
475 2841 534 2870 vocet
545 2822 628 2881 rufum]
636 2822 713 2885 Magis
723 2819 780 2869 istud
791 2816 877 2884 probe,
885 2819 1009 2874 subnixum
1015 2824 1063 2875 fide

196 2895 301 2932 veretum
312 2883 443 2933 editionum
455 2887 579 2941 omnium,
595 2886 668 2947 quim
681 2896 752 2946 nuper
762 2897 854 2938 natum,
874 2887 984 2945 mustum,
998 2889 1063 2952 quod

196 2958 291 2995 tanturn
301 2950 373 3012 reperi
384 2949 408 2996 in
424 2948 495 2997 duob.
509 2948 565 2996 Pali.
576 2963 630 2996 curn
646 2946 760 2995 servarent
772 2946 872 2994 alterum
886 2962 989 3000 numero
1003 2967 1063 3018 qua·

194 3021 262 3064 tuor,
276 3011 383 3072 interque
398 3011 458 3060 alios
467 3013 508 3060 ille
519 3013 613 3075 primus.
647 3013 715 3060 Idem.
844 3056 851 3065 ,

226 3087 263 3118 20.
281 3077 338 3118 Huic
350 3078 451 3135 Epicurus
462 3087 563 3136 amparet
570 3072 632 3135 first
637 3073 719 3135 porris]
737 3073 873 3135 comparens?
881 3077 936 3136 quid
944 3075 1060 3138 μυμῦ

194 3132 219 3181 in
229 3134 394 3196 manuscripto.
408 3138 480 3194 Urfiu.
515 3142 571 3183 truie
581 3142 685 3199 Epicurus
695 3137 838 3197 commisse,
847 3136 869 3195 fi
879 3138 964 3200 potest]
979 3141 1063 3190 Leffio

193 3192 251 3243 nata'
261 3209 290 3242 ert
302 3200 324 3244 Ρ.
337 3200 437 3246 Manutii
449 3200 589 3257 consessura.
606 3201 668 3263 ptius
679 3202 743 3246 enim
756 3195 875 3260 legebatur
887 3215 894 3246 t
912 3206 971 3249 Huic
980 3207 1062 3267 Epicu·

192 3273 230 3303 rus
240 3270 385 3316 competenter,
401 3262 455 3319 &fi
463 3262 532 3322 potest.
550 3261 675 3325 quomodo
686 3263 758 3310 etiarn
770 3260 801 3309 est
813 3261 838 3308 in
853 3263 909 3310 Pali.
921 3263 959 3312 sed
974 3280 1025 3315 nun
1036 3267 1061 3315 itr

190 3320 284 3381 primur
300 3321 341 3383 qui
351 3334 444 3370 tantum
455 3323 540 3381 servat,
560 3330 616 3372 Hut‘c
626 3329 739 3387 Epicurus,
752 3327 777 3376 du·
785 3325 881 3386 fiprtest.
898 3329 964 3377 uuod
977 3329 1061 3383 meiius

190 3382 301 3446 uulgato,
318 3386 425 3446 quamvis
435 3398 517 3439 tamen
529 3384 645 3440 affirmate
655 3387 717 3437 haud
728 3387 802 3438 ausim
812 3387 892 3438 locum
902 3389 933 3439 fic
944 3390 992 3441 esse
1010 3406 1061 3456 pet-

191 3445 308 3497 satratum.
340 3450 428 3503 Grrrrrr.
1089 3476 1092 3481 ¹

963 3532 1002 3570 21.
1019 3523 1061 3566 Pt-
