2318 3914
220 100 751 204 Lrnn'nTrtttsrus.
859 132 1055 248 ²⁶97aestne

61 252 127 313 deri
140 251 293 328 poffimus,
312 247 508 309 elaborandum
529 248 594 307 ²est.
632 265 801 324 quamquam
823 235 860 305 de
877 249 973 306 uni-in
984 265 1038 313 tis.

64 329 146 388 versa
167 327 360 414 philosophia,
385 324 579 458 bffluantopere
594 325 783 411 &expetenda
804 320 869 383 esset
907 320 963 382 &b
977 338 1072 387 nmmo

62 404 223 472 sentenia,
243 403 301 462 satis
319 445 327 469 ,
344 414 417 459 utar
436 415 527 469 rtror,
547 400 651 461 drdlum
673 400 710 457 est
730 418 759 458 m
775 399 936 459 Hoste-nso.
947 400 1027 451 ⁰1³*-

62 481 105 540 de
121 481 246 547 maximis
260 491 355 538 autem
369 478 446 535 rebus
467 477 535 535 nihil
554 476 612 535 ferie
631 476 824 535 intermifimus
845 477 937 551 polles
946 452 1074 577 ἤδη·

62 574 123 617 nec
137 556 286 633 disputare,
306 572 360 619 nec
373 553 516 612 escribere.
554 555 595 612 his
609 564 702 611 autern
724 553 795 611 libris
817 554 938 627 exposita
948 576 1001 624 Mt.
1010 579 1038 629 ⁶-

61 634 128 692 sunt
142 650 191 699 ea,
211 649 275 708 quac
290 631 306 688 i
320 630 400 688 nobis
413 646 479 689 cum
494 630 669 689 familiaribus
683 630 777 689 nolitis
792 629 821 687 in
830 630 938 688 Tuscu·
949 640 1031 699 vivifi

63 708 134 767 l'ano
147 720 225 766 erant
240 707 378 783 disputata,
407 706 460 765 Sed
475 708 608 781 quoniam
633 707 741 765 duobus
761 706 940 779 superioribus
992 708 1013 748 *¹-
1030 706 1063 753 B·

65 784 105 844 de
130 798 223 843 morte
243 786 272 843 ὃ(
293 783 328 841 de
343 783 440 841 dolore
455 783 558 849 ditium
577 781 637 851 est,
656 784 751 853 tertius
771 782 829 840 dios
850 764 1060 875 dispo-25¹⁶&

64 863 179 921 tationis
193 863 249 918 hoc
264 860 374 925 tertium
390 860 526 918 volumen
540 858 649 917 efficiet.
676 858 718 915 Ut
732 860 807 927 enim
822 860 850 917 in
867 854 966 958 ilca-7
995 861 1003 877 '

67 936 192 997 demiam
214 930 338 995 nostratis
353 934 542 994 descendimus
557 977 565 1002 ,
585 935 716 993 inclinato
727 937 785 1010 jam
807 936 836 993 in
851 934 939 1023 spoli3
951 982 965 1014 e
979 964 1094 1016 deseme-

67 1013 255 1077 metidianum
269 1024 377 1087 tempus
392 1011 454 1079 die,
474 1011 586 1088 poposci
607 1029 705 1069 eorum
728 1014 847 1146 alipuem
864 1052 872 1080 ,
892 1030 940 1087 qur
952 1044 977 1078 re
991 1034 1043 1077 Mn,

67 1091 200 1157 aderant,
221 1088 327 1148 causam
343 1085 495 1146 disserendi.
533 1088 611 1146 Tum
628 1106 669 1147 res
682 1087 741 1146 atta
770 1104 796 1146 tc
810 1089 856 1147 esi.
949 1089 1094 1168 tpomerii.

112 1165 164 1225 tv.
184 1167 220 1223 A.
240 1165 288 1222 Vr
302 1182 347 1222 ns
358 1182 433 1223 suu
458 1164 527 1222 milri
541 1163 638 1221 cadere
653 1166 682 1222 in
697 1165 846 1240 sapientem
862 1159 1001 1241 aegri-‘iffi

71 1244 153 1301 tudo.
194 1244 236 1298 M.
250 1243 327 1300 Num
344 1239 456 1317 reliquae
469 1243 583 1316 quoque
597 1242 813 1315 perturbationes
833 1243 942 1309 animi,
1029 1312 1035 1324 ι
1054 1314 1061 1325 .

73 1318 272 1381 ¹⁰sormidines
288 1360 297 1385 ,
314 1315 438 1375 libidines
456 1360 464 1385 ‚
485 1316 655 1391 simcundiae
671 1316 687 1373 i>
702 1318 765 1375 haec
788 1319 863 1376 enim
884 1318 941 1377 fere
952 1312 1074 1377 ttffll‘ffl·

48 1394 135 1454 .sunt
150 1394 303 1469 ejusmodi,
323 1410 387 1467 quae
402 1394 494 1452 Graeci
516 1393 588 1455 nain
609 1393 766 1467 appellant:
787 1411 841 1467 ego
862 1378 1096 1470 ρας-ΨΜ·
1122 1462 1126 1471 ,

70 1488 134 1531 tam
149 1470 298 1537 hmorbos,
319 1468 347 1526 &
362 1469 390 1528 id
404 1470 517 1537 verbum
534 1467 599 1527 esset
614 1467 630 1526 b
645 1470 729 1527 verbo
745 1488 752 1525 τ
773 1469 860 1529 sedin
873 1470 1084 1546 con-humosbos

60 1546 246 1619 ¹suetudinem
262 1544 379 1604 noslram
394 1565 453 1605 non
468 1546 586 1604 caderet.
624 1562 689 1603 nam
710 1545 828 1603 misereri
846 1590 854 1616 ,
874 1535 1096 1607 invi-fficeoem·

74 1622 161 1691 dere,
181 1622 292 1696 gestire,
311 1622 414 1690 laetari,
433 1623 496 1680 haec
510 1624 606 1680 omnia
620 1621 732 1680 morbos
746 1622 839 1680 Graeci
854 1624 947 1701 appel·

73 1698 150 1765 lunt,
171 1710 263 1757 motus
276 1698 361 1756 animi
377 1700 477 1757 rationi
490 1718 548 1756 non
564 1700 801 1773 obtemperantes:
821 1718 873 1759 nos
899 1718 948 1759 au·

52 1816 55 1821 -
74 1786 135 1843 tem
149 1776 200 1834 hos
214 1775 329 1833 eosdem
344 1788 437 1847 motus
451 1776 582 1833 concitati
596 1775 699 1840 animi,
719 1774 792 1832 recld
808 1818 817 1842 ,
836 1790 867 1835 ut
887 1778 950 1852 opl-

75 1866 131 1911 nor
146 1893 154 1919 ,
175 1852 392 1927 perturbationes
404 1851 552 1908 dixerimus
567 1870 574 1907 ε
595 1851 708 1908 morbos
722 1864 815 1908 autem
830 1870 890 1912 non
908 1854 948 1913 sa·

73 1928 109 1986 tis
124 1926 233 1986 usitate:
254 1926 303 1985 nisr
318 1926 386 2002 quid
400 1927 473 1985 aliud
487 1928 535 1986 tibi
550 1926 666 1987 uidetur.

835 2003 873 2063 A.
892 2008 950 2065 Mi·

77 2170 131 2207 tant
142 2156 269 2206 editiones:
286 2154 325 2204 sed
336 2156 415 2205 multae
424 2156 659 2221 etiam‚niribnsqne3
674 2157 747 2207 etiam
764 2155 834 2207 codd.
843 2159 950 2208 nonnul·

76 2222 110 2276 li,
126 2224 196 2280 opibus
212 2223 237 2272 ln·
252 2221 344 2270 viribus.
360 2224 421 2269 Sane
434 2221 534 2269 mallem
551 2253 560 2278 ,
580 2223 676 2267 omnibus
690 2223 760 2285 opibus
776 2223 900 2286 viribusque
916 2238 951 2275 ut.

77 2286 189 2332 Gronov.

48 2338 51 2371 ³
73 2378 76 2383 -
109 2362 146 2395 10.
164 2346 314 2401 formidines,
335 2346 453 2404 libidines,
474 2348 616 2404 iracundia]
653 2349 717 2396 MSS.
739 2345 800 2395 bunc
819 2348 950 2399 leblionem

48 2424 50 2451 ι
74 2406 174 2459 stimmo
190 2404 301 2455 consensu
311 2410 484 2470 representem.
517 2410 637 2459 Postrema
645 2408 726 2458 tamen
736 2424 785 2458 von
797 2415 833 2459 Fr.
848 2413 947 2461 Patricio

77 2472 105 2521 bt
123 2470 285 2535 interpretibus
299 2485 351 2533 uon
370 2473 475 2536 placuit,
492 2472 557 2534 qttod
578 2471 720 2521 iracundiam
738 2472 830 2521 libidini
845 2473 949 2531 subiiciat

78 2535 180 2591 Cicero,
196 2546 221 2581 ut
234 2545 296 2594 patet
307 2532 364 2584 clun
374 2550 404 2584 ex
415 2537 467 2584 ullis
479 2537 556 2593 locis,
581 2549 631 2583 tuns
644 2549 673 2583 ex
690 2533 758 2585 Tusc.
780 2535 845 2600 Disp.
862 2536 903 2585 lib.
912 2553 947 2588 iv.

76 2611 130 2660 cap.
138 2612 160 2651 7.
180 2596 244 2645 cum
255 2599 334 2657 itaque
351 2612 453 2660 quatuor
467 2597 512 2646 sint
532 2597 733 2661 perturbationes,
747 2599 874 2661 agritudo,
898 2616 950 2651 me·

76 2672 132 2711 tus,
147 2658 221 2706 libido
233 2662 258 2706 bc
274 2661 401 2724 voluptas,
415 2662 492 2710 dusiis
504 2662 559 2710 uiris
572 2676 621 2709 non
634 2661 661 2709 sit
672 2662 796 2717 credibile,
812 2663 926 2712 Nostrum
940 2697 949 2719 ,

76 2718 168 2771 omisis
181 2721 277 2781 quarti,
292 2724 366 2773 tertiae
382 2739 473 2787 partem
488 2722 601 2781 adjecisse.
634 2734 667 2773 at
677 2725 734 2773 vero
741 2726 832 2773 Tullius
843 2725 949 2777 baudait

67 2784 104 2836 'se
116 2784 301 2845 perturbationes
313 2785 350 2833 hic
365 2788 459 2842 ἀκριβῶς
476 2802 534 2836 num
549 2786 607 2835 salle
623 2822 631 2840 ‚
649 2787 750 2849 locaque
766 2786 817 2836 sunt
834 2790 881 2836 alia
914 2803 951 2837 ra·

76 2846 175 2896 viffimi·
186 2847 318 2910 scriptoris,
334 2850 522 2911 quaesatisoslen
541 2863 585 2898 unt
596 2860 646 2897 nou
661 2849 726 2907 effe,
742 2848 805 2899 curd
823 2851 907 2900 Codics
924 2866 951 2899 ua

77 2910 210 2961 recedatur.
243 2909 280 2957 Sic
290 2909 384 2968 huiusce
393 2912 446 2961 libri
455 2910 506 2977 cap.
520 2928 541 2971 5.
557 2913 630 2973 Exnffc
642 2930 668 2959 err
682 2912 778 2974 potestate
794 2915 887 2962 dabimus
901 2932 954 2971 eos,

69 2978 120 3039 ¹qni
129 2973 227 3037 iffrmaai
241 2971 345 3031 feruntur
360 2990 397 3020 aar
411 2978 518 3035 libidini,
533 2988 574 3024 aut
590 2976 712 3024 numidii.
744 2980 775 3024 Et
792 2974 862 3026 Offic.
879 2977 920 3027 lib.
932 2992 952 3028 t.

79 3052 132 3100 cap.
140 3055 177 3086 20.
198 3037 320 3082 Vacandum
330 3051 398 3083 antem
409 3037 437 3097 est
449 3043 507 3087 omni
517 3042 590 3088 ammi
600 3041 773 3101 perturbatione,
789 3053 836 3087 tum
845 3043 955 3103 cupidate·

77 3114 101 3147 te
116 3103 142 3152 ab·
154 3113 229 3156 mnu,
244 3113 292 3145 snm
302 3103 367 3145 eriam
376 3104 540 3163 egritudine&
555 3105 663 3166 veluptate
678 3106 749 3150 animi
765 3137 773 3161 ,
788 3106 814 3156 (φ
830 3105 951 3155 iracundia.

80 3168 119 3211 Ac
128 3165 211 3211 iterum
222 3176 273 3225 cap.
282 3178 320 3216 29.
337 3165 396 3210 Licet
406 3181 443 3209 era
458 3167 503 3225 ipss
516 3184 597 3214 nomm
606 3171 732 3221 iratorum,
749 3180 787 3214 ant
802 3185 873 3215 eornm
891 3201 898 3222 ,
912 3171 954 3232 qni

81 3227 174 3272 libidine
189 3228 268 3289 alique
296 3238 334 3271 aut
350 3240 410 3273 mern
423 3232 521 3275 commoti
534 3230 595 3289 sunt.
628 3229 764 3279 audiendus
776 3231 845 3295 igitur
856 3246 904 3279 nort
918 3230 954 3281 est

80 3292 120 3338 Fr.
133 3287 260 3344 Fabricius,
276 3289 317 3349 qui
333 3290 452 3346 libidines,
468 3294 575 3354 cupidines
590 3290 709 3340 rescribit:
727 3308 783 3340 nam
805 3294 891 3342 horum
902 3308 956 3344 ret-

79 3352 168 3401 borum
178 3350 259 3399 eadem
270 3350 341 3413 plani
351 3351 384 3402 est
396 3352 512 3414 poteslas,
528 3354 732 3416 quemadmodum
743 3356 813 3404 docet
824 3357 910 3406 Nosler
920 3359 958 3405 in-

79 3414 118 3464 sta
129 3428 181 3479 cap.
191 3428 227 3461 rr.
246 3413 348 3478 ideoque
362 3417 412 3477 ejus
426 3420 563 3483 conjeuura
578 3417 685 3477 morbo,
705 3416 724 3468 fi
740 3420 783 3485 qui
797 3418 848 3479 fit,
863 3422 957 3470 nullam

69 3474 315 3530 affertmuduim.
346 3480 431 3543 mnis

869 3559 911 3595 u,
926 3550 965 3593 ln·
