2318 3914
210 121 313 190 aad6
396 95 951 196 'Acunqu‘unsrronuu'

231 233 317 289 viram
328 240 455 286 evertunt
471 228 608 297 funditus,
621 227 766 304 ipsumque
774 230 873 288 animal
883 231 980 288 orbant
987 228 1104 288 aninlo:

81 310 90 362 i
107 306 205 374 proinde
231 317 263 364 ut
277 305 385 364 difficile
400 304 432 362 fit
452 304 487 362 de
502 307 655 364 temeritate
676 324 799 376 eorum,
826 304 955 381 iperinde
974 317 1006 364 ut
1026 305 1106 364 causa

82 376 158 422 tamt.
234 382 368 457 postulat,
388 381 488 439 dicere.
637 400 640 405 ·

190 485 224 544 32
273 459 335 515 Nec
356 456 425 516 verb
445 457 504 515 satis
528 456 691 517 constituere
707 455 839 539 pullum,
859 458 936 534 quod
957 458 989 516 fit
1003 475 1108 518 eorum

119 537 152 595 Ρ(
167 547 193 594 Β.
234 533 396 614 confilium,
416 544 463 591 aut
477 534 546 609 quid
558 535 651 593 velint.
691 535 834 593 Interdum
850 538 925 593 enim
941 534 1007 593 cum
1028 534 1111 592 adhi-

234 612 331 669 bemus
352 610 387 668 ad
408 622 456 668 eos
477 611 635 669 orationem
656 611 841 686 hujusmodi:
877 611 940 668 5²Si
963 629 994 669 ea
1011 651 1019 679 ,
1039 626 1107 686 quae

234 687 403 762 disputentur
415 703 510 768 Lvera
532 705 591 744 non
612 687 663 744 fint
679 729 688 756 ,
709 699 770 745 turn
790 688 887 763 omnia¹
901 688 961 745 fore
976 689 1082 745 incerta
1098 727 1108 756 ,

158 827 161 831 ,
208 801 214 815 -
234 763 415 838 respondent:
455 763 532 836 Quid
547 778 613 838 ergo
627 763 696 822 istud
710 763 744 822 ad
759 779 810 822 nos
825 761 837 820 i
858 781 926 822 num
944 764 1033 822 nostia
1049 764 1109 822 cul·

140 880 150 893 .
201 896 203 902 ,
234 858 269 916 pa
284 837 342 898 est?
363 851 487 897 naturam
500 839 613 905 accusa,
631 857 696 914 quae
717 839 746 896 in
762 839 909 973 ¹profundo
933 841 1106 910 veritatem,

77 960 81 971 .
236 928 268 975 ut
280 919 317 974 ait
331 915 528 984 Democritus,
548 915 655 990 penitis
675 914 761 973 abstru
773 917 831 974 erit.
870 916 927 974 Alii
940 928 1035 974 autem
1051 915 1109 974 ele·

195 1064 199 1068 ⁸
236 991 359 1070 gentiiis,
379 991 426 1067 qui
441 992 525 1048 etiam
547 1003 723 1067 queruntur,
748 991 827 1067 quod
848 1010 896 1050 eos
917 992 1108 1051 insimulemus
1141 1038 1144 1045 .

89 1076 93 1083 “
236 1070 333 1128 omnia
346 1068 450 1125 incerta
464 1066 572 1125 dicere:
592 1081 785 1145 quantumque
799 1068 902 1127 interiit
923 1069 995 1126 inter
1016 1071 1110 1127 incer·

236 1140 317 1214 tuin,
338 1145 367 1202 ὃ(
382 1144 427 1212 id,
447 1143 525 1219 quod
538 1145 640 1220 percipi
655 1162 713 1202 non
729 1144 828 1218 pollrt,
848 1144 951 1203 docere
972 1157 1111 1204 conantur

238 1239 326 1297 eaque
346 1219 518 1296 distinguere.
557 1220 631 1278 Cum
659 1221 701 1279 bis
721 1221 801 1294 igitur
821 1238 956 1296 agamus,
976 1223 1024 1295 qui
1045 1221 1110 1280 haec

237 1297 419 1373 distinguunt:
440 1297 523 1366 illos,
544 1297 592 1372 qui
614 1299 709 1356 omnia
730 1295 766 1354 fic
787 1298 891 1356 incerta
911 1298 1031 1364 dicunt,
1052 1310 1109 1368 ut,

238 1373 373 1433 stellarum
395 1390 554 1442 numerus,
584 1382 610 1427 53
618 1391 666 1449 par
692 1392 734 1432 an·
752 1375 839 1448 impar
868 1373 900 1433 fit
921 1373 1090 1442 ,nesciatur
1102 1416 1111 1443 ,

239 1450 315 1527 quali
328 1449 481 1524 desperatos
494 1448 598 1524 aliquos
613 1451 806 1527 relinquamus.
845 1451 944 1508 volunt
963 1451 1040 1508 enim
1063 1452 1110 1522 (ὃς

237 1528 294 1587 hoc
309 1525 422 1603 quidem
446 1525 497 1582 vel¹
510 1524 632 1584 maxime
647 1526 899 1586 animadvertebam
919 1545 970 1585 vos
984 1528 1111 1602 moveri)

238 1601 378 1679 probabile
392 1601 492 1677 aliquid
507 1599 560 1658 esse
586 1602 616 1659 ὅτ
638 1602 715 1679 quast
729 1603 873 1661 verisimile
889 1646 898 1672 ,
918 1620 1006 1680 eaque
1026 1601 1053 1660 se
1068 1605 1112 1664 uti

239 1679 330 1813 regqla
352 1680 382 1737 &
402 1681 432 1737 in
453 1678 558 1756 agenda
579 1679 658 1747 vita,
696 1681 726 1737 &
747 1681 776 1738 in
799 1680 950 1756 quaerendo
976 1696 1009 1738 ac
1030 1677 1112 1740 dille-
1151 1746 1153 1751 .

193 1855 227 1916 33
241 1770 439 1904 15¹3&de
463 1849 553 1888 1srn
574 1829 665 1906 regula
686 1829 723 1889 est
742 1832 824 1890 lveri
839 1830 956 1900 &falsu
977 1829 1110 1893 sinotio·
1151 1754 1153 1893 d

89 1916 203 1966 iveti&
239 1925 305 1968 nem
323 1907 380 1965 veri
394 1909 423 1964 &
437 1906 510 1973 fulli,
530 1921 674 1982 propterea
688 1905 766 1984 qubd
781 1926 812 1966 ea
827 1927 885 1967 non
900 1905 1111 1982 possuntinter·
1152 1904 1153 1919 ¹

31 2056 34 2060 Δ
63 2022 67 2036 .
90 1978 143 2056 {³¹st
158 1979 332 2059 defrrlnolci,
352 1983 454 2041 nullam
476 1982 634 2040 habemus?
655 2001 745 2054 nam,
765 1983 784 2042 fi
804 1984 961 2052 habemus,
980 1983 1109 2052 intercise
1152 1998 1153 2045 l

89 2045 196 2092 'nm‘
240 2072 367 2137 oportet,
387 2069 417 2116 ur
432 2059 503 2116 inter
523 2058 629 2116 redium
656 2061 687 2117 δε
708 2078 841 2134 pravum,
861 2061 897 2118 sic
918 2062 990 2119 inter
1008 2076 1109 2122 verunt
1151 2068 1153 2129 l

241 2138 272 2196 &
286 2134 390 2194 falsum.
416 2133 517 2192 srnihil
531 2134 658 2202 interest,
670 2135 750 2194 'nulla
765 2138 856 2212 regula
876 2136 930 2194 est:
952 2154 1005 2197 nec
1018 2138 1110 2213 potest

186 2222 191 2249 l
239 2214 279 2281 is,
300 2213 343 2270 cui
358 2208 477 2269 euvino
500 2210 558 2268 veri
585 2209 696 2287 falsique
711 2213 886 2282 communis,
906 2212 992 2272 ullum
1006 2213 1109 2276 habere
1152 2238 1153 2243 ¹

236 2288 391 2364 judicium,
419 2298 467 2345 aut
493 2286 576 2345 ullam
600 2286 718 2346 omnini>
741 2289 858 2347 veritatis
871 2302 977 2348 notam.
1016 2295 1109 2362 nam,

37 2430 40 2447 ³
240 2363 305 2423 cum
320 2363 431 2432 dicunt,
450 2363 505 2420 boc
519 2362 546 2420 se
565 2380 654 2431 unum
675 2364 771 2423 tollere
787 2407 796 2433 ,
815 2376 847 2422 ur
860 2365 1012 2441 quidquam
1027 2368 1110 2440 poilrt
1150 2362 1153 2451 l

90 2445 148 2496 lita
158 2444 212 2510 dela
240 2441 277 2499 ita
292 2438 396 2507 videri,
416 2451 520 2497 utnon
535 2438 853 2499 eodemmodofalsum
869 2444 952 2500 etiam
969 2442 1109 2518 pollitlita
1151 2460 1153 2469 ¹

91 2511 167 2560 rama.
201 2584 204 2589 ,
239 2516 342 2583 videri,
363 2527 452 2574 cetera
465 2527 559 2573 autem
573 2516 745 2575 concedere:
767 2517 870 2576 faciunt
883 2519 1029 2592 pueriliter.
1049 2524 1121 2594 quo'

183 2626 185 2631 ,
241 2593 317 2653 enini
332 2592 428 2649 omnia
438 2590 615 2666 judicantur,
633 2591 736 2652 sublato
752 2636 761 2661 ,
781 2593 883 2669 reliqua
898 2593 924 2651 se
939 2608 1041 2668 negant
1054 2598 1110 2656 tol-

80 2736 86 2745 ,
194 2698 199 2707 ¹
238 2668 303 2741 lete.
344 2679 389 2735 ut,
409 2666 428 2724 fi
448 2669 508 2742 quis
527 2684 613 2744 quern
636 2670 721 2727 oculis
741 2670 912 2743 privaverit,
939 2670 1035 2738 dicat,
1056 2690 1108 2744 ea,

90 2745 223 2859 nqpoffunr
240 2732 305 2823 quae
319 2744 394 2803 cerni
410 2741 562 2826 qpoffeut,
591 2762 651 2804 non
676 2744 703 2803 se
717 2745 742 2804 ei
763 2742 900 2804 ademille.
927 2757 957 2804 ut
972 2747 1048 2804 enirn
1064 2748 1127 2809 illa'
1149 2746 1153 2755 '

35 2866 38 2871 ,
90 2829 140 2864 au.
568 2880 572 2886 ι
744 2868 752 2893 Ἰ
812 2846 818 2857 ·
1041 2841 1111 2885 ocu,

272 3010 310 3051 52.
327 2999 356 3043 Si
366 3011 454 3060 eaque
463 2998 638 3060 disparatam
650 3014 691 3043 vion
699 2997 752 3052 fine,
760 3009 806 3046 tum
818 3001 891 3045 omnia
899 2998 949 3058 fore
959 3000 1115 3054 incertumst

237 3069 333 3120 quoque
343 3058 470 3109 delendam
482 3061 569 3124 opinor
579 3060 733 3124 particulam,
749 3077 802 3116 nnn,
819 3076 870 3122 quae
882 3061 943 3110 abest
954 3061 969 3109 *a
979 3076 1056 3110 verere
1072 3095 1080 3118 ‚
1097 3063 1113 3113 d
1140 3064 1143 3071 '

237 3120 299 3170 libro
316 3120 520 3242 virifidostiffimi,
537 3127 578 3187 qui
593 3139 648 3174 cum
663 3121 822 3188 manuscripto
838 3124 963 3188 diligenter
976 3124 1019 3172 fuit
1035 3124 1113 3172 colla·

217 3197 285 3233 we.
316 3190 353 3229 Ur
369 3202 390 3233 n.
486 3218 487 3222 ,

269 3261 305 3302 5³·
324 3251 406 3292 Paran
417 3249 489 3308 impar
501 3248 529 3304 fir
543 3249 668 3308 nescium]
697 3246 827 3296 Lambinus
841 3247 905 3296 tollit
921 3261 1005 3296 vocem
1022 3245 1114 3308 polire·

236 3309 457 3368 mam,eonjeelurd
473 3325 497 3357 m
516 3322 553 3357 tus
564 3327 576 3366 3v
593 3311 662 3372 eique
678 3311 737 3358 viius
747 3307 861 3358 adsentire
872 3306 1014 3358 Gulielmius
1030 3342 1038 3364 ,
1055 3322 1113 3358 ran·

189 3442 193 3447 ,
236 3372 379 3484 quaqhnem
385 3368 475 3482 abesset
486 3325 549 3424 (ibeo
559 3377 581 3425 S.
595 3369 703 3426 viliori&
720 3371 795 3424 exstat
806 3385 888 3424 temen
900 3373 925 3422 iu
942 3372 1000 3421 Pell.
1018 3372 1111 3443 &edd

236 3449 296 3484 omn
321 3449 354 3487 tta.
408 3449 474 3486 turn.

959 3515 994 3565 ⁵4
1010 3477 1103 3565 Qan-
