<?xml version="1.0" encoding="UTF-8"?>
<!DOCTYPE html PUBLIC "-//W3C//DTD XHTML 1.0 Transitional//EN"
    "http://www.w3.org/TR/xhtml1/DTD/xhtml1-transitional.dtd">
<html xmlns="http://www.w3.org/1999/xhtml" xml:lang="en" lang="en">
 <head>
  <title>
</title>
<meta http-equiv="Content-Type" content="text/html;charset=utf-8" />
  <meta name='ocr-system' content='tesseract 3.04.00' />
  <meta name='ocr-capabilities' content='ocr_page ocr_carea ocr_par ocr_line ocrx_word'/>
</head>
<body>
  <div class='ocr_page' id='page_1' title='image "./marcitulliicice02pedigoog_0341.png"; bbox 0 0 2318 3914; ppageno 0'>
   <div class='ocr_carea' id='block_1_1' title="bbox 246 121 957 212">
    <p class='ocr_par' dir='ltr' id='par_1_1' title="bbox 246 121 957 212">
     <span class='ocr_line' id='line_1_1' title="bbox 246 121 957 212; baseline 0.003 -20"><span class='ocrx_word' id='word_1_1' title='bbox 246 124 331 212; x_wconf 82' lang='lat'><em>2538</em></span> <span class='ocrx_word' id='word_1_2' title='bbox 452 121 515 191; x_wconf 78' lang='lat' dir='ltr'>Da</span> <span class='ocrx_word' id='word_1_3' title='bbox 537 122 623 189; x_wconf 80' lang='lat' dir='ltr'>Fan.</span> <span class='ocrx_word' id='word_1_4' title='bbox 647 122 746 189; x_wconf 81' lang='lat' dir='ltr'>Bou.</span> <span class='ocrx_word' id='word_1_5' title='bbox 766 139 818 187; x_wconf 78' lang='lat' dir='ltr'>aa</span> <span class='ocrx_word' id='word_1_6' title='bbox 840 121 957 194; x_wconf 74' lang='lat' dir='ltr'>Mau.</span> 
     </span>
    </p>
   </div>
   <div class='ocr_carea' id='block_1_2' title="bbox 39 236 1130 2909">
    <p class='ocr_par' dir='ltr' id='par_1_2' title="bbox 199 236 1130 623">
     <span class='ocr_line' id='line_1_2' title="bbox 246 236 1130 314; baseline 0.008 -19"><span class='ocrx_word' id='word_1_7' title='bbox 246 239 396 314; x_wconf 88' lang='lat' dir='ltr'>quaeritur,</span> <span class='ocrx_word' id='word_1_8' title='bbox 415 237 462 298; x_wconf 88' lang='lat' dir='ltr'>sed</span> <span class='ocrx_word' id='word_1_9' title='bbox 477 250 573 297; x_wconf 90' lang='lat' dir='ltr'>contra</span> <span class='ocrx_word' id='word_1_10' title='bbox 587 236 733 295; x_wconf 86' lang='lat' dir='ltr'>utilitatem</span> <span class='ocrx_word' id='word_1_11' title='bbox 748 237 832 295; x_wconf 86' lang='lat' dir='ltr'>etiam</span> <span class='ocrx_word' id='word_1_12' title='bbox 854 237 1040 298; x_wconf 86' lang='lat' dir='ltr'>conservatur</span> <span class='ocrx_word' id='word_1_13' title='bbox 1053 238 1130 303; x_wconf 64' lang='lat' dir='ltr'>fides}</span> 
     </span>
     <span class='ocr_line' id='line_1_3' title="bbox 199 311 1128 386; baseline 0.008 -15"><span class='ocrx_word' id='word_1_14' title='bbox 199 311 239 386; x_wconf 74' lang='lat'>64</span> <span class='ocrx_word' id='word_1_15' title='bbox 285 316 399 373; x_wconf 81' lang='lat' dir='ltr'>Talibus</span> <span class='ocrx_word' id='word_1_16' title='bbox 422 316 554 386; x_wconf 82' lang='lat' dir='ltr'>exemplis</span> <span class='ocrx_word' id='word_1_17' title='bbox 577 332 635 372; x_wconf 92' lang='lat' dir='ltr'>non</span> <span class='ocrx_word' id='word_1_18' title='bbox 656 312 729 371; x_wconf 73' lang='lat' dir='ltr'>fittae</span> <span class='ocrx_word' id='word_1_19' title='bbox 755 313 842 371; x_wconf 82' lang='lat' dir='ltr'>solirm</span> <span class='ocrx_word' id='word_1_20' title='bbox 879 314 984 373; x_wconf 83' lang='lat' dir='ltr'>fabulae</span> <span class='ocrx_word' id='word_1_21' title='bbox 1028 317 1128 379; x_wconf 81' lang='lat' dir='ltr'>verum</span> 
     </span>
     <span class='ocr_line' id='line_1_4' title="bbox 244 390 1128 465; baseline 0.009 -17"><span class='ocrx_word' id='word_1_22' title='bbox 244 393 329 448; x_wconf 86' lang='lat' dir='ltr'>etiam</span> <span class='ocrx_word' id='word_1_23' title='bbox 345 393 463 450; x_wconf 86' lang='lat' dir='ltr'>historiae</span> <span class='ocrx_word' id='word_1_24' title='bbox 477 394 586 450; x_wconf 88' lang='lat' dir='ltr'>resertae</span> <span class='ocrx_word' id='word_1_25' title='bbox 600 390 678 459; x_wconf 89' lang='lat' dir='ltr'>sunt,</span> <span class='ocrx_word' id='word_1_26' title='bbox 699 392 728 447; x_wconf 91' lang='lat'>&amp;</span> <span class='ocrx_word' id='word_1_27' title='bbox 743 390 859 465; x_wconf 89' lang='lat' dir='ltr'>quidem</span> <span class='ocrx_word' id='word_1_28' title='bbox 872 390 1000 451; x_wconf 75' lang='lat' dir='ltr'>maxime</span> <span class='ocrx_word' id='word_1_29' title='bbox 1016 395 1128 456; x_wconf 84' lang='lat' dir='ltr'>nostrae.</span> 
     </span>
     <span class='ocr_line' id='line_1_5' title="bbox 243 467 1127 541; baseline 0.007 -16"><span class='ocrx_word' id='word_1_30' title='bbox 243 468 306 525; x_wconf 88' lang='lat' dir='ltr'>Nos</span> <span class='ocrx_word' id='word_1_31' title='bbox 320 470 396 527; x_wconf 88' lang='lat' dir='ltr'>enim</span> <span class='ocrx_word' id='word_1_32' title='bbox 412 469 446 526; x_wconf 85' lang='lat' dir='ltr'>ad</span> <span class='ocrx_word' id='word_1_33' title='bbox 466 468 573 525; x_wconf 68' lang='lat' dir='ltr'>6*sacra</span> <span class='ocrx_word' id='word_1_34' title='bbox 595 467 669 524; x_wconf 87' lang='lat' dir='ltr'>ldaea</span> <span class='ocrx_word' id='word_1_35' title='bbox 690 467 849 540; x_wconf 90' lang='lat' dir='ltr'>accipienda</span> <span class='ocrx_word' id='word_1_36' title='bbox 870 469 1018 541; x_wconf 90' lang='lat' dir='ltr'>optimum</span> <span class='ocrx_word' id='word_1_37' title='bbox 1035 471 1127 532; x_wconf 89' lang='lat' dir='ltr'>virum</span> 
     </span>
     <span class='ocr_line' id='line_1_6' title="bbox 244 542 1128 623; baseline 0.006 -21"><span class='ocrx_word' id='word_1_38' title='bbox 244 544 410 619; x_wconf 81' lang='lat' dir='ltr'>delegimus:</span> <span class='ocrx_word' id='word_1_39' title='bbox 432 546 460 585; x_wconf 85' lang='lat'>⁶2</span> <span class='ocrx_word' id='word_1_40' title='bbox 470 564 521 604; x_wconf 90' lang='lat' dir='ltr'>nos</span> <span class='ocrx_word' id='word_1_41' title='bbox 536 556 639 602; x_wconf 88' lang='lat' dir='ltr'>tutores</span> <span class='ocrx_word' id='word_1_42' title='bbox 654 542 777 600; x_wconf 80' lang='lat' dir='ltr'>misimus</span> <span class='ocrx_word' id='word_1_43' title='bbox 791 542 911 617; x_wconf 84' lang='lat' dir='ltr'>regibus:</span> <span class='ocrx_word' id='word_1_44' title='bbox 931 546 1023 605; x_wconf 88' lang='lat' dir='ltr'>nostri</span> <span class='ocrx_word' id='word_1_45' title='bbox 1036 547 1128 623; x_wconf 90' lang='lat' dir='ltr'>impe·</span> 
     </span>
    </p>

    <p class='ocr_par' dir='ltr' id='par_1_3' title="bbox 39 618 1126 697">
     <span class='ocr_line' id='line_1_7' title="bbox 39 618 1126 697; baseline 0.007 -20"><span class='ocrx_word' id='word_1_46' title='bbox 39 630 44 639; x_wconf 91' lang='lat'><strong><em>‘</em></strong></span> <span class='ocrx_word' id='word_1_47' title='bbox 92 634 222 686; x_wconf 58' lang='lat' dir='ltr'>,daon-</span> <span class='ocrx_word' id='word_1_48' title='bbox 242 633 345 679; x_wconf 90' lang='lat' dir='ltr'>ratores</span> <span class='ocrx_word' id='word_1_49' title='bbox 366 640 416 697; x_wconf 90' lang='lat' dir='ltr'>pro</span> <span class='ocrx_word' id='word_1_50' title='bbox 439 621 521 679; x_wconf 90' lang='lat' dir='ltr'>salute</span> <span class='ocrx_word' id='word_1_51' title='bbox 543 620 638 695; x_wconf 88' lang='lat' dir='ltr'>patriae</span> <span class='ocrx_word' id='word_1_52' title='bbox 657 618 703 675; x_wconf 90' lang='lat' dir='ltr'>sua</span> <span class='ocrx_word' id='word_1_53' title='bbox 724 621 813 694; x_wconf 85' lang='lat' dir='ltr'>capita</span> <span class='ocrx_word' id='word_1_54' title='bbox 834 630 1019 680; x_wconf 76' lang='lat' dir='ltr'>rvoverunt:</span> <span class='ocrx_word' id='word_1_55' title='bbox 1041 624 1126 685; x_wconf 85' lang='lat' dir='ltr'>nostri</span> 
     </span>
    </p>

    <p class='ocr_par' dir='ltr' id='par_1_4' title="bbox 91 695 1127 1159">
     <span class='ocr_line' id='line_1_8' title="bbox 91 695 1127 777; baseline 0.007 -24"><span class='ocrx_word' id='word_1_56' title='bbox 91 712 147 753; x_wconf 73' lang='lat' dir='ltr'>m</span> <span class='ocrx_word' id='word_1_57' title='bbox 163 704 216 753; x_wconf 72' lang='lat' dir='ltr'>atii.</span> <span class='ocrx_word' id='word_1_58' title='bbox 242 697 365 756; x_wconf 86' lang='lat' dir='ltr'>consules</span> <span class='ocrx_word' id='word_1_59' title='bbox 379 716 473 772; x_wconf 82' lang='lat' dir='ltr'>regem</span> <span class='ocrx_word' id='word_1_60' title='bbox 488 695 705 755; x_wconf 82' lang='lat' dir='ltr'>inimicissimum</span> <span class='ocrx_word' id='word_1_61' title='bbox 722 738 730 763; x_wconf 91' lang='lat'>,</span> <span class='ocrx_word' id='word_1_62' title='bbox 752 695 888 753; x_wconf 88' lang='lat' dir='ltr'>moenibus</span> <span class='ocrx_word' id='word_1_63' title='bbox 898 697 959 770; x_wconf 88' lang='lat' dir='ltr'>jam</span> <span class='ocrx_word' id='word_1_64' title='bbox 973 703 1127 777; x_wconf 88' lang='lat' dir='ltr'>appropin-</span> 
     </span>
     <span class='ocr_line' id='line_1_9' title="bbox 240 772 1123 849; baseline 0.007 -18"><span class='ocrx_word' id='word_1_65' title='bbox 240 789 392 849; x_wconf 82' lang='lat' dir='ltr'>quantem,</span> <span class='ocrx_word' id='word_1_66' title='bbox 413 787 601 842; x_wconf 83' lang='lat' dir='ltr'>monuerunt,</span> <span class='ocrx_word' id='word_1_67' title='bbox 620 772 636 829; x_wconf 76' lang='lat' dir='ltr'>a</span> <span class='ocrx_word' id='word_1_68' title='bbox 653 789 766 830; x_wconf 86' lang='lat' dir='ltr'>veneno</span> <span class='ocrx_word' id='word_1_69' title='bbox 782 784 813 829; x_wconf 93' lang='lat' dir='ltr'>ut</span> <span class='ocrx_word' id='word_1_70' title='bbox 826 788 959 833; x_wconf 89' lang='lat' dir='ltr'>caveret:</span> <span class='ocrx_word' id='word_1_71' title='bbox 981 777 1077 835; x_wconf 85' lang='lat' dir='ltr'>nostra</span> <span class='ocrx_word' id='word_1_72' title='bbox 1095 779 1123 837; x_wconf 87' lang='lat' dir='ltr'>in</span> 
     </span>
     <span class='ocr_line' id='line_1_10' title="bbox 240 848 1123 926; baseline 0.008 -18"><span class='ocrx_word' id='word_1_73' title='bbox 240 852 427 926; x_wconf 83' lang='lat' dir='ltr'>republica&amp;</span> <span class='ocrx_word' id='word_1_74' title='bbox 449 870 513 926; x_wconf 83' lang='lat' dir='ltr'>quae</span> <span class='ocrx_word' id='word_1_75' title='bbox 536 851 658 925; x_wconf 90' lang='lat' dir='ltr'>pervim</span> <span class='ocrx_word' id='word_1_76' title='bbox 681 849 804 906; x_wconf 90' lang='lat' dir='ltr'>oblatum</span> <span class='ocrx_word' id='word_1_77' title='bbox 826 848 948 923; x_wconf 87' lang='lat' dir='ltr'>stuprum</span> <span class='ocrx_word' id='word_1_78' title='bbox 963 854 1123 915; x_wconf 79' lang='lat' dir='ltr'>voluntaria</span> 
     </span>
     <span class='ocr_line' id='line_1_11' title="bbox 240 924 1121 1001; baseline 0.005 -16"><span class='ocrx_word' id='word_1_79' title='bbox 240 944 333 987; x_wconf 90' lang='lat' dir='ltr'>morte</span> <span class='ocrx_word' id='word_1_80' title='bbox 356 930 443 987; x_wconf 87' lang='lat' dir='ltr'>lueret</span> <span class='ocrx_word' id='word_1_81' title='bbox 470 929 583 985; x_wconf 85' lang='lat' dir='ltr'>inventa</span> <span class='ocrx_word' id='word_1_82' title='bbox 599 926 653 991; x_wconf 88' lang='lat' dir='ltr'>est;</span> <span class='ocrx_word' id='word_1_83' title='bbox 675 926 704 981; x_wconf 64' lang='grc' dir='ltr'>ὃ(</span> <span class='ocrx_word' id='word_1_84' title='bbox 719 927 767 1001; x_wconf 94' lang='lat' dir='ltr'>qui</span> <span class='ocrx_word' id='word_1_85' title='bbox 782 924 949 984; x_wconf 86' lang='lat' dir='ltr'>interficeret</span> <span class='ocrx_word' id='word_1_86' title='bbox 963 928 1071 999; x_wconf 88' lang='lat' dir='ltr'>filiam,</span> <span class='ocrx_word' id='word_1_87' title='bbox 1085 948 1121 991; x_wconf 88' lang='lat' dir='ltr'>ne</span> 
     </span>
     <span class='ocr_line' id='line_1_12' title="bbox 238 1003 1120 1083; baseline 0.005 -20"><span class='ocrx_word' id='word_1_88' title='bbox 238 1004 416 1079; x_wconf 78' lang='lat' dir='ltr'>stuprstetur:</span> <span class='ocrx_word' id='word_1_89' title='bbox 438 1022 502 1080; x_wconf 86' lang='lat' dir='ltr'>quae</span> <span class='ocrx_word' id='word_1_90' title='bbox 518 1003 629 1077; x_wconf 87' lang='lat' dir='ltr'>quidem</span> <span class='ocrx_word' id='word_1_91' title='bbox 644 1003 758 1070; x_wconf 90' lang='lat' dir='ltr'>onmia,</span> <span class='ocrx_word' id='word_1_92' title='bbox 778 1003 1035 1065; x_wconf 88' lang='lat' dir='ltr'>&amp;innumerabilia</span> <span class='ocrx_word' id='word_1_93' title='bbox 1050 1025 1120 1083; x_wconf 89' lang='lat' dir='ltr'>prae·</span> 
     </span>
     <span class='ocr_line' id='line_1_13' title="bbox 238 1078 1120 1159; baseline 0.008 -22"><span class='ocrx_word' id='word_1_94' title='bbox 238 1092 314 1139; x_wconf 90' lang='lat' dir='ltr'>terea</span> <span class='ocrx_word' id='word_1_95' title='bbox 330 1125 338 1151; x_wconf 93' lang='lat'>,</span> <span class='ocrx_word' id='word_1_96' title='bbox 358 1083 417 1159; x_wconf 88' lang='lat' dir='ltr'>quis</span> <span class='ocrx_word' id='word_1_97' title='bbox 433 1083 486 1148; x_wconf 89' lang='lat' dir='ltr'>etl,</span> <span class='ocrx_word' id='word_1_98' title='bbox 507 1081 553 1156; x_wconf 87' lang='lat' dir='ltr'>qui</span> <span class='ocrx_word' id='word_1_99' title='bbox 570 1098 628 1137; x_wconf 88' lang='lat' dir='ltr'>non</span> <span class='ocrx_word' id='word_1_100' title='bbox 641 1078 790 1151; x_wconf 79' lang='lat' dir='ltr'>intelligat,</span> <span class='ocrx_word' id='word_1_101' title='bbox 800 1080 829 1136; x_wconf 92' lang='lat'>&amp;</span> <span class='ocrx_word' id='word_1_102' title='bbox 842 1082 964 1152; x_wconf 88' lang='lat' dir='ltr'>eos,qui</span> <span class='ocrx_word' id='word_1_103' title='bbox 980 1084 1120 1154; x_wconf 87' lang='lat' dir='ltr'>fecerunt,</span> 
     </span>
    </p>

    <p class='ocr_par' dir='ltr' id='par_1_5' title="bbox 141 1154 1117 1235">
     <span class='ocr_line' id='line_1_14' title="bbox 141 1154 1117 1235; baseline 0.009 -22"><span class='ocrx_word' id='word_1_104' title='bbox 141 1162 146 1171; x_wconf 95' lang='grc'><strong>’</strong></span> <span class='ocrx_word' id='word_1_105' title='bbox 240 1156 382 1231; x_wconf 75' lang='lat' dir='ltr'>dignitatis</span> <span class='ocrx_word' id='word_1_106' title='bbox 393 1158 533 1234; x_wconf 80' lang='lat' dir='ltr'>splendore</span> <span class='ocrx_word' id='word_1_107' title='bbox 549 1155 662 1223; x_wconf 75' lang='lat' dir='ltr'>dudloS,</span> <span class='ocrx_word' id='word_1_108' title='bbox 679 1157 861 1212; x_wconf 87' lang='lat' dir='ltr'>immemores</span> <span class='ocrx_word' id='word_1_109' title='bbox 872 1154 951 1214; x_wconf 85' lang='lat' dir='ltr'>fuisse</span> <span class='ocrx_word' id='word_1_110' title='bbox 964 1160 1117 1235; x_wconf 81' lang='lat' dir='ltr'>utilitatum</span> 
     </span>
    </p>

    <p class='ocr_par' dir='ltr' id='par_1_6' title="bbox 87 1222 1116 1309">
     <span class='ocr_line' id='line_1_15' title="bbox 87 1222 1116 1309; baseline 0.009 -21"><span class='ocrx_word' id='word_1_111' title='bbox 87 1222 202 1300; x_wconf 51' lang='grc' dir='ltr'>*ἔξω</span> <span class='ocrx_word' id='word_1_112' title='bbox 241 1234 365 1303; x_wconf 88' lang='lat' dir='ltr'>suarum,</span> <span class='ocrx_word' id='word_1_113' title='bbox 385 1247 533 1308; x_wconf 74' lang='lat' dir='ltr'>suosque,</span> <span class='ocrx_word' id='word_1_114' title='bbox 554 1233 619 1291; x_wconf 83' lang='lat' dir='ltr'>clam</span> <span class='ocrx_word' id='word_1_115' title='bbox 642 1249 674 1289; x_wconf 89' lang='lat' dir='ltr'>ea</span> <span class='ocrx_word' id='word_1_116' title='bbox 687 1232 871 1300; x_wconf 82' lang='lat' dir='ltr'>tlaudemus,</span> <span class='ocrx_word' id='word_1_117' title='bbox 891 1234 966 1293; x_wconf 89' lang='lat' dir='ltr'>nulla</span> <span class='ocrx_word' id='word_1_118' title='bbox 988 1235 1041 1295; x_wconf 89' lang='lat' dir='ltr'>alia</span> <span class='ocrx_word' id='word_1_119' title='bbox 1063 1256 1116 1309; x_wconf 87' lang='lat' dir='ltr'>re,</span> 
     </span>
    </p>

    <p class='ocr_par' dir='ltr' id='par_1_7' title="bbox 87 1286 543 1395">
     <span class='ocr_line' id='line_1_16' title="bbox 87 1286 543 1395; baseline -0.002 -28"><span class='ocrx_word' id='word_1_120' title='bbox 87 1286 285 1395; x_wconf 49' lang='lat' dir='ltr'>”ffi&#39;nili</span> <span class='ocrx_word' id='word_1_121' title='bbox 300 1312 442 1369; x_wconf 78' lang='lat' dir='ltr'>hortellate</span> <span class='ocrx_word' id='word_1_122' title='bbox 458 1309 543 1368; x_wconf 85' lang='lat' dir='ltr'>duci?</span> 
     </span>
    </p>

    <p class='ocr_par' dir='ltr' id='par_1_8' title="bbox 87 1360 1114 1770">
     <span class='ocr_line' id='line_1_17' title="bbox 87 1360 1114 1463; baseline 0.009 -21"><span class='ocrx_word' id='word_1_123' title='bbox 87 1360 143 1461; x_wconf 55' lang='lat' dir='ltr'>:m</span> <span class='ocrx_word' id='word_1_124' title='bbox 151 1414 221 1461; x_wconf 51' lang='lat' dir='ltr'>um,</span> <span class='ocrx_word' id='word_1_125' title='bbox 276 1388 381 1446; x_wconf 86' lang='lat' dir='ltr'>XXlll.</span> <span class='ocrx_word' id='word_1_126' title='bbox 401 1392 457 1463; x_wconf 92' lang='lat' dir='ltr'>Qu</span> <span class='ocrx_word' id='word_1_127' title='bbox 468 1406 478 1443; x_wconf 92' lang='lat'>1</span> <span class='ocrx_word' id='word_1_128' title='bbox 489 1407 504 1443; x_wconf 83' lang='lat' dir='ltr'>n</span> <span class='ocrx_word' id='word_1_129' title='bbox 515 1408 554 1443; x_wconf 91' lang='lat' dir='ltr'>us</span> <span class='ocrx_word' id='word_1_130' title='bbox 578 1386 655 1444; x_wconf 90' lang='lat' dir='ltr'>rebus</span> <span class='ocrx_word' id='word_1_131' title='bbox 669 1383 788 1444; x_wconf 80' lang='lat' dir='ltr'>breviter</span> <span class='ocrx_word' id='word_1_132' title='bbox 802 1386 929 1459; x_wconf 84' lang='lat' dir='ltr'>expositis</span> <span class='ocrx_word' id='word_1_133' title='bbox 942 1388 1018 1463; x_wconf 83' lang='lat' dir='ltr'>‘(nec</span> <span class='ocrx_word' id='word_1_134' title='bbox 1039 1391 1114 1451; x_wconf 85' lang='lat' dir='ltr'>enim</span> 
     </span>
     <span class='ocr_line' id='line_1_18' title="bbox 237 1462 1114 1538; baseline 0.007 -18"><span class='ocrx_word' id='word_1_135' title='bbox 237 1462 296 1521; x_wconf 89' lang='lat' dir='ltr'>sum</span> <span class='ocrx_word' id='word_1_136' title='bbox 312 1467 445 1537; x_wconf 78' lang='lat' dir='ltr'>copinas,</span> <span class='ocrx_word' id='word_1_137' title='bbox 466 1482 550 1538; x_wconf 82' lang='lat' dir='ltr'>qttarn</span> <span class='ocrx_word' id='word_1_138' title='bbox 565 1464 667 1537; x_wconf 91' lang='lat' dir='ltr'>potui,</span> <span class='ocrx_word' id='word_1_139' title='bbox 694 1464 758 1537; x_wconf 91' lang='lat' dir='ltr'>quia</span> <span class='ocrx_word' id='word_1_140' title='bbox 780 1464 914 1521; x_wconf 89' lang='lat' dir='ltr'>dubitatio</span> <span class='ocrx_word' id='word_1_141' title='bbox 936 1466 965 1523; x_wconf 92' lang='lat' dir='ltr'>in</span> <span class='ocrx_word' id='word_1_142' title='bbox 990 1484 1021 1523; x_wconf 90' lang='lat' dir='ltr'>re</span> <span class='ocrx_word' id='word_1_143' title='bbox 1042 1468 1114 1527; x_wconf 81' lang='lat' dir='ltr'>nulla</span> 
     </span>
     <span class='ocr_line' id='line_1_19' title="bbox 239 1539 1113 1615; baseline 0.008 -17"><span class='ocrx_word' id='word_1_144' title='bbox 239 1552 312 1607; x_wconf 90' lang='lat' dir='ltr'>erat,</span> <span class='ocrx_word' id='word_1_145' title='bbox 333 1541 498 1615; x_wconf 74' lang='lat' dir='ltr'>persecutus)</span> <span class='ocrx_word' id='word_1_146' title='bbox 518 1540 562 1597; x_wconf 92' lang='lat' dir='ltr'>sed</span> <span class='ocrx_word' id='word_1_147' title='bbox 577 1541 618 1597; x_wconf 84' lang='lat' dir='ltr'>his</span> <span class='ocrx_word' id='word_1_148' title='bbox 633 1541 711 1596; x_wconf 84' lang='lat' dir='ltr'>rebus</span> <span class='ocrx_word' id='word_1_149' title='bbox 726 1539 900 1597; x_wconf 82' lang='lat' dir='ltr'>concluditur</span> <span class='ocrx_word' id='word_1_150' title='bbox 913 1540 1064 1614; x_wconf 68' lang='lat' dir='ltr'>profectu,</span> <span class='ocrx_word' id='word_1_151' title='bbox 1083 1546 1113 1605; x_wconf 78' lang='grc' dir='ltr'>δι</span> 
     </span>
     <span class='ocr_line' id='line_1_20' title="bbox 238 1615 1112 1691; baseline 0.005 -16"><span class='ocrx_word' id='word_1_152' title='bbox 238 1619 352 1675; x_wconf 79' lang='lat' dir='ltr'>virtutes</span> <span class='ocrx_word' id='word_1_153' title='bbox 367 1634 483 1684; x_wconf 85' lang='lat' dir='ltr'>omnes,</span> <span class='ocrx_word' id='word_1_154' title='bbox 504 1615 692 1673; x_wconf 85' lang='lat' dir='ltr'>&amp;honestum</span> <span class='ocrx_word' id='word_1_155' title='bbox 709 1616 793 1683; x_wconf 92' lang='lat' dir='ltr'>illud,</span> <span class='ocrx_word' id='word_1_156' title='bbox 813 1616 890 1691; x_wconf 88' lang='lat' dir='ltr'>quod</span> <span class='ocrx_word' id='word_1_157' title='bbox 905 1635 940 1674; x_wconf 84' lang='lat' dir='ltr'>ex</span> <span class='ocrx_word' id='word_1_158' title='bbox 962 1620 1006 1677; x_wconf 91' lang='lat' dir='ltr'>his</span> <span class='ocrx_word' id='word_1_159' title='bbox 1028 1621 1112 1679; x_wconf 86' lang='lat' dir='ltr'>virtu-</span> 
     </span>
     <span class='ocr_line' id='line_1_21' title="bbox 239 1691 1111 1770; baseline 0.008 -20"><span class='ocrx_word' id='word_1_160' title='bbox 239 1694 309 1751; x_wconf 86' lang='lat' dir='ltr'>tibus</span> <span class='ocrx_word' id='word_1_161' title='bbox 332 1696 453 1751; x_wconf 84' lang='lat' dir='ltr'>exoritur</span> <span class='ocrx_word' id='word_1_162' title='bbox 481 1694 509 1750; x_wconf 76' lang='lat' dir='ltr'>bt</span> <span class='ocrx_word' id='word_1_163' title='bbox 525 1694 553 1750; x_wconf 89' lang='lat' dir='ltr'>in</span> <span class='ocrx_word' id='word_1_164' title='bbox 568 1694 608 1750; x_wconf 92' lang='lat' dir='ltr'>his</span> <span class='ocrx_word' id='word_1_165' title='bbox 621 1695 726 1760; x_wconf 76' lang='lat' dir='ltr'>haret,</span> <span class='ocrx_word' id='word_1_166' title='bbox 746 1691 857 1767; x_wconf 88' lang='lat' dir='ltr'>esseper</span> <span class='ocrx_word' id='word_1_167' title='bbox 870 1692 896 1750; x_wconf 88' lang='lat' dir='ltr'>se</span> <span class='ocrx_word' id='word_1_168' title='bbox 912 1697 1111 1770; x_wconf 84' lang='lat' dir='ltr'>exp&#39;etendum.</span> 
     </span>
    </p>

    <p class='ocr_par' dir='ltr' id='par_1_9' title="bbox 191 1763 1110 1846">
     <span class='ocr_line' id='line_1_22' title="bbox 191 1763 1110 1846; baseline 0.008 -20"><span class='ocrx_word' id='word_1_169' title='bbox 191 1763 267 1838; x_wconf 82' lang='lat' dir='ltr'>651n</span> <span class='ocrx_word' id='word_1_170' title='bbox 290 1772 368 1828; x_wconf 91' lang='lat' dir='ltr'>omni</span> <span class='ocrx_word' id='word_1_171' title='bbox 390 1781 483 1827; x_wconf 87' lang='lat' dir='ltr'>autem</span> <span class='ocrx_word' id='word_1_172' title='bbox 505 1769 647 1836; x_wconf 86' lang='lat' dir='ltr'>honesto,</span> <span class='ocrx_word' id='word_1_173' title='bbox 667 1769 701 1826; x_wconf 92' lang='lat' dir='ltr'>de</span> <span class='ocrx_word' id='word_1_174' title='bbox 722 1788 781 1845; x_wconf 92' lang='lat' dir='ltr'>quo</span> <span class='ocrx_word' id='word_1_175' title='bbox 801 1770 961 1846; x_wconf 87' lang='lat' dir='ltr'>loquimur,</span> <span class='ocrx_word' id='word_1_176' title='bbox 982 1773 1053 1831; x_wconf 88' lang='lat' dir='ltr'>nihil</span> <span class='ocrx_word' id='word_1_177' title='bbox 1074 1772 1110 1833; x_wconf 82' lang='lat' dir='ltr'>est</span> 
     </span>
    </p>

    <p class='ocr_par' dir='ltr' id='par_1_10' title="bbox 126 1842 1112 2074">
     <span class='ocr_line' id='line_1_23' title="bbox 126 1842 1111 1925; baseline 0.006 -21"><span class='ocrx_word' id='word_1_178' title='bbox 126 1842 155 1891; x_wconf 65' lang='grc' dir='ltr'>Ρ·</span> <span class='ocrx_word' id='word_1_179' title='bbox 168 1843 197 1892; x_wconf 76' lang='lat'>¹·</span> <span class='ocrx_word' id='word_1_180' title='bbox 236 1859 293 1904; x_wconf 88' lang='lat' dir='ltr'>tam</span> <span class='ocrx_word' id='word_1_181' title='bbox 309 1847 425 1915; x_wconf 90' lang='lat' dir='ltr'>illullre,</span> <span class='ocrx_word' id='word_1_182' title='bbox 463 1864 515 1904; x_wconf 90' lang='lat' dir='ltr'>nec</span> <span class='ocrx_word' id='word_1_183' title='bbox 530 1844 607 1921; x_wconf 91' lang='lat' dir='ltr'>quod</span> <span class='ocrx_word' id='word_1_184' title='bbox 621 1843 698 1901; x_wconf 80' lang='lat' dir='ltr'>latius</span> <span class='ocrx_word' id='word_1_185' title='bbox 719 1858 810 1919; x_wconf 88' lang='lat' dir='ltr'>pateat</span> <span class='ocrx_word' id='word_1_186' title='bbox 838 1846 923 1922; x_wconf 77' lang='lat' dir='ltr'>quam</span> <span class='ocrx_word' id='word_1_187' title='bbox 945 1850 1111 1925; x_wconf 71' lang='lat' dir='ltr'>conjunctio</span> 
     </span>
     <span class='ocr_line' id='line_1_24' title="bbox 235 1920 1110 1997; baseline 0.007 -16"><span class='ocrx_word' id='word_1_188' title='bbox 235 1924 306 1981; x_wconf 90' lang='lat' dir='ltr'>inter</span> <span class='ocrx_word' id='word_1_189' title='bbox 326 1926 455 1983; x_wconf 90' lang='lat' dir='ltr'>homines</span> <span class='ocrx_word' id='word_1_190' title='bbox 475 1924 624 1981; x_wconf 91' lang='lat' dir='ltr'>hominum</span> <span class='ocrx_word' id='word_1_191' title='bbox 645 1922 675 1979; x_wconf 78' lang='lat' dir='ltr'>be</span> <span class='ocrx_word' id='word_1_192' title='bbox 697 1920 771 1995; x_wconf 88' lang='lat' dir='ltr'>quali</span> <span class='ocrx_word' id='word_1_193' title='bbox 793 1924 922 1997; x_wconf 85' lang='lat' dir='ltr'>quaedam</span> <span class='ocrx_word' id='word_1_194' title='bbox 944 1925 1110 1987; x_wconf 89' lang='lat' dir='ltr'>societas&amp;</span> 
     </span>
     <span class='ocr_line' id='line_1_25' title="bbox 234 1997 1112 2074; baseline 0.009 -18"><span class='ocrx_word' id='word_1_195' title='bbox 234 2003 456 2060; x_wconf 87' lang='lat' dir='ltr'>communicatio</span> <span class='ocrx_word' id='word_1_196' title='bbox 471 2000 636 2066; x_wconf 84' lang='lat' dir='ltr'>utilitatum,</span> <span class='ocrx_word' id='word_1_197' title='bbox 657 2001 686 2055; x_wconf 86' lang='lat'>&amp;</span> <span class='ocrx_word' id='word_1_198' title='bbox 699 1997 753 2072; x_wconf 90' lang='lat' dir='ltr'>ipsa</span> <span class='ocrx_word' id='word_1_199' title='bbox 767 2000 861 2056; x_wconf 89' lang='lat' dir='ltr'>caritas</span> <span class='ocrx_word' id='word_1_200' title='bbox 874 2002 991 2074; x_wconf 75' lang='lat' dir='ltr'>:generis</span> <span class='ocrx_word' id='word_1_201' title='bbox 1010 2004 1112 2063; x_wconf 89' lang='lat' dir='ltr'>huma·</span> 
     </span>
    </p>

    <p class='ocr_par' dir='ltr' id='par_1_11' title="bbox 235 2073 1110 2233">
     <span class='ocr_line' id='line_1_26' title="bbox 235 2073 1110 2159; baseline 0.008 -26"><span class='ocrx_word' id='word_1_202' title='bbox 235 2077 289 2135; x_wconf 88' lang='lat' dir='ltr'>ni:</span> <span class='ocrx_word' id='word_1_203' title='bbox 308 2096 372 2153; x_wconf 89' lang='lat' dir='ltr'>quae</span> <span class='ocrx_word' id='word_1_204' title='bbox 387 2091 449 2137; x_wconf 89' lang='lat' dir='ltr'>nata</span> <span class='ocrx_word' id='word_1_205' title='bbox 465 2074 480 2132; x_wconf 75' lang='lat' dir='ltr'>a</span> <span class='ocrx_word' id='word_1_206' title='bbox 496 2078 588 2150; x_wconf 89' lang='lat' dir='ltr'>primo</span> <span class='ocrx_word' id='word_1_207' title='bbox 602 2075 675 2142; x_wconf 91' lang='lat' dir='ltr'>satu,</span> <span class='ocrx_word' id='word_1_208' title='bbox 695 2073 790 2159; x_wconf 75' lang='lat' dir='ltr'>quoa</span> <span class='ocrx_word' id='word_1_209' title='bbox 811 2080 1032 2148; x_wconf 85' lang='lat' dir='ltr'>procreatoribus</span> <span class='ocrx_word' id='word_1_210' title='bbox 1054 2082 1110 2140; x_wconf 86' lang='lat' dir='ltr'>nati</span> 
     </span>
     <span class='ocr_line' id='line_1_27' title="bbox 236 2152 1110 2233; baseline 0.006 -22"><span class='ocrx_word' id='word_1_211' title='bbox 236 2152 400 2228; x_wconf 87' lang='lat' dir='ltr'>diliguntur,</span> <span class='ocrx_word' id='word_1_212' title='bbox 422 2156 451 2211; x_wconf 64' lang='grc' dir='ltr'>ὃς</span> <span class='ocrx_word' id='word_1_213' title='bbox 466 2165 524 2210; x_wconf 92' lang='lat' dir='ltr'>tota</span> <span class='ocrx_word' id='word_1_214' title='bbox 539 2153 639 2210; x_wconf 89' lang='lat' dir='ltr'>domus</span> <span class='ocrx_word' id='word_1_215' title='bbox 654 2152 787 2223; x_wconf 82' lang='lat' dir='ltr'>conjugio</span> <span class='ocrx_word' id='word_1_216' title='bbox 809 2155 837 2208; x_wconf 70' lang='grc' dir='ltr'>ὅ(</span> <span class='ocrx_word' id='word_1_217' title='bbox 859 2152 939 2228; x_wconf 90' lang='lat' dir='ltr'>stirpe</span> <span class='ocrx_word' id='word_1_218' title='bbox 961 2156 1110 2233; x_wconf 85' lang='lat' dir='ltr'>conjungi-</span> 
     </span>
    </p>

    <p class='ocr_par' dir='ltr' id='par_1_12' title="bbox 235 2226 1111 2304">
     <span class='ocr_line' id='line_1_28' title="bbox 235 2226 1111 2304; baseline 0.008 -18"><span class='ocrx_word' id='word_1_219' title='bbox 235 2240 298 2297; x_wconf 87' lang='lat' dir='ltr'>tur,</span> <span class='ocrx_word' id='word_1_220' title='bbox 317 2230 396 2304; x_wconf 87' lang='lat' dir='ltr'>serpit</span> <span class='ocrx_word' id='word_1_221' title='bbox 408 2228 504 2288; x_wconf 83' lang='lat' dir='ltr'>sensam</span> <span class='ocrx_word' id='word_1_222' title='bbox 520 2229 592 2285; x_wconf 88' lang='lat' dir='ltr'>foras</span> <span class='ocrx_word' id='word_1_223' title='bbox 606 2226 816 2300; x_wconf 82' lang='lat' dir='ltr'>cognationibus</span> <span class='ocrx_word' id='word_1_224' title='bbox 829 2230 950 2302; x_wconf 81' lang='lat' dir='ltr'>primum</span> <span class='ocrx_word' id='word_1_225' title='bbox 964 2274 972 2300; x_wconf 90' lang='lat'>,</span> <span class='ocrx_word' id='word_1_226' title='bbox 993 2246 1056 2291; x_wconf 92' lang='lat' dir='ltr'>tum</span> <span class='ocrx_word' id='word_1_227' title='bbox 1070 2236 1111 2293; x_wconf 86' lang='lat' dir='ltr'>as-</span> 
     </span>
    </p>

    <p class='ocr_par' dir='ltr' id='par_1_13' title="bbox 94 2301 1108 2376">
     <span class='ocr_line' id='line_1_29' title="bbox 94 2301 1108 2376; baseline 0.009 -15"><span class='ocrx_word' id='word_1_228' title='bbox 94 2308 179 2370; x_wconf 62' lang='grc' dir='ltr'>’,Μ</span> <span class='ocrx_word' id='word_1_229' title='bbox 202 2361 218 2371; x_wconf 77' lang='grc'>,,</span> <span class='ocrx_word' id='word_1_230' title='bbox 236 2304 401 2373; x_wconf 84' lang='lat' dir='ltr'>finitatibus,</span> <span class='ocrx_word' id='word_1_231' title='bbox 428 2305 528 2363; x_wconf 88' lang='lat' dir='ltr'>deinde</span> <span class='ocrx_word' id='word_1_232' title='bbox 549 2304 696 2368; x_wconf 87' lang='lat' dir='ltr'>amicitiis;</span> <span class='ocrx_word' id='word_1_233' title='bbox 725 2301 784 2376; x_wconf 83' lang='lat' dir='ltr'>post</span> <span class='ocrx_word' id='word_1_234' title='bbox 803 2306 988 2366; x_wconf 86' lang='lat' dir='ltr'>vicinitatibus</span> <span class='ocrx_word' id='word_1_235' title='bbox 995 2333 1004 2376; x_wconf 91' lang='lat'>;</span> <span class='ocrx_word' id='word_1_236' title='bbox 1027 2322 1108 2369; x_wconf 74' lang='lat' dir='ltr'>vtum</span> 
     </span>
    </p>

    <p class='ocr_par' dir='ltr' id='par_1_14' title="bbox 94 2359 1109 2858">
     <span class='ocr_line' id='line_1_30' title="bbox 94 2359 1107 2456; baseline 0.006 -17"><span class='ocrx_word' id='word_1_237' title='bbox 94 2359 223 2411; x_wconf 52' lang='lat' dir='ltr'><strong>m‘h&#39;·</strong></span> <span class='ocrx_word' id='word_1_238' title='bbox 239 2382 360 2449; x_wconf 79' lang='lat' dir='ltr'>ciuibus,</span> <span class='ocrx_word' id='word_1_239' title='bbox 381 2383 411 2438; x_wconf 71' lang='grc' dir='ltr'>δι</span> <span class='ocrx_word' id='word_1_240' title='bbox 431 2382 487 2448; x_wconf 90' lang='lat' dir='ltr'>iis,</span> <span class='ocrx_word' id='word_1_241' title='bbox 507 2381 554 2453; x_wconf 86' lang='lat' dir='ltr'>qui</span> <span class='ocrx_word' id='word_1_242' title='bbox 576 2379 683 2454; x_wconf 78' lang='lat' dir='ltr'>publice</span> <span class='ocrx_word' id='word_1_243' title='bbox 714 2377 778 2435; x_wconf 86' lang='lat' dir='ltr'>socii</span> <span class='ocrx_word' id='word_1_244' title='bbox 813 2393 896 2456; x_wconf 90' lang='lat' dir='ltr'>atque</span> <span class='ocrx_word' id='word_1_245' title='bbox 917 2386 1002 2442; x_wconf 89' lang='lat' dir='ltr'>amici</span> <span class='ocrx_word' id='word_1_246' title='bbox 1024 2387 1107 2447; x_wconf 82' lang='lat' dir='ltr'>sunt:</span> 
     </span>
     <span class='ocr_line' id='line_1_31' title="bbox 234 2454 1109 2532; baseline 0.011 -18"><span class='ocrx_word' id='word_1_247' title='bbox 234 2457 336 2515; x_wconf 90' lang='lat' dir='ltr'>deinde</span> <span class='ocrx_word' id='word_1_248' title='bbox 347 2459 432 2515; x_wconf 90' lang='lat' dir='ltr'>totius</span> <span class='ocrx_word' id='word_1_249' title='bbox 446 2457 596 2531; x_wconf 86' lang='lat' dir='ltr'>complexu</span> <span class='ocrx_word' id='word_1_250' title='bbox 611 2457 697 2531; x_wconf 85' lang='lat' dir='ltr'>gentis</span> <span class='ocrx_word' id='word_1_251' title='bbox 710 2454 842 2515; x_wconf 87' lang='lat' dir='ltr'>humanae</span> <span class='ocrx_word' id='word_1_252' title='bbox 859 2500 868 2525; x_wconf 91' lang='lat'>,</span> <span class='ocrx_word' id='word_1_253' title='bbox 888 2474 951 2532; x_wconf 86' lang='lat' dir='ltr'>quae</span> <span class='ocrx_word' id='word_1_254' title='bbox 967 2463 1057 2522; x_wconf 89' lang='lat' dir='ltr'>animi</span> <span class='ocrx_word' id='word_1_255' title='bbox 1070 2466 1109 2523; x_wconf 86' lang='lat' dir='ltr'>as·</span> 
     </span>
     <span class='ocr_line' id='line_1_32' title="bbox 234 2533 1107 2609; baseline 0.01 -17"><span class='ocrx_word' id='word_1_256' title='bbox 234 2534 322 2593; x_wconf 74' lang='lat' dir='ltr'>sessio</span> <span class='ocrx_word' id='word_1_257' title='bbox 336 2533 414 2591; x_wconf 90' lang='lat' dir='ltr'>suum</span> <span class='ocrx_word' id='word_1_258' title='bbox 431 2536 528 2606; x_wconf 87' lang='lat' dir='ltr'>cuique</span> <span class='ocrx_word' id='word_1_259' title='bbox 542 2534 679 2600; x_wconf 87' lang='lat' dir='ltr'>tribuens,</span> <span class='ocrx_word' id='word_1_260' title='bbox 699 2543 781 2604; x_wconf 85' lang='lat' dir='ltr'>atque</span> <span class='ocrx_word' id='word_1_261' title='bbox 794 2535 890 2602; x_wconf 79' lang='lat' dir='ltr'>lianc,</span> <span class='ocrx_word' id='word_1_262' title='bbox 917 2552 1003 2609; x_wconf 87' lang='lat' dir='ltr'>quam</span> <span class='ocrx_word' id='word_1_263' title='bbox 1026 2540 1107 2608; x_wconf 88' lang='lat' dir='ltr'>dieo,</span> 
     </span>
     <span class='ocr_line' id='line_1_33' title="bbox 233 2607 1109 2695; baseline 0.007 -28"><span class='ocrx_word' id='word_1_264' title='bbox 233 2607 393 2667; x_wconf 87' lang='lat' dir='ltr'>societatem</span> <span class='ocrx_word' id='word_1_265' title='bbox 418 2608 622 2684; x_wconf 71' lang='lat' dir='ltr'>conjundlionis</span> <span class='ocrx_word' id='word_1_266' title='bbox 642 2609 775 2669; x_wconf 83' lang='lat' dir='ltr'>humanae</span> <span class='ocrx_word' id='word_1_267' title='bbox 804 2609 936 2669; x_wconf 75' lang='lat' dir='ltr'>munifice</span> <span class='ocrx_word' id='word_1_268' title='bbox 972 2616 1004 2673; x_wconf 65' lang='grc' dir='ltr'>ὃ(</span> <span class='ocrx_word' id='word_1_269' title='bbox 1027 2616 1109 2695; x_wconf 74' lang='lat' dir='ltr'>aequb</span> 
     </span>
     <span class='ocr_line' id='line_1_34' title="bbox 234 2685 1108 2762; baseline 0.014 -19"><span class='ocrx_word' id='word_1_270' title='bbox 234 2696 330 2751; x_wconf 88' lang='lat' dir='ltr'>tuens,</span> <span class='ocrx_word' id='word_1_271' title='bbox 346 2687 447 2761; x_wconf 87' lang='lat' dir='ltr'>justitia</span> <span class='ocrx_word' id='word_1_272' title='bbox 462 2687 575 2744; x_wconf 89' lang='lat' dir='ltr'>dicitur:</span> <span class='ocrx_word' id='word_1_273' title='bbox 596 2685 642 2743; x_wconf 90' lang='lat' dir='ltr'>cui</span> <span class='ocrx_word' id='word_1_274' title='bbox 662 2685 799 2758; x_wconf 74' lang='lat' dir='ltr'>adjunctae</span> <span class='ocrx_word' id='word_1_275' title='bbox 820 2687 881 2744; x_wconf 79' lang='lat' dir='ltr'>saint</span> <span class='ocrx_word' id='word_1_276' title='bbox 901 2690 1006 2762; x_wconf 88' lang='lat' dir='ltr'>pietas,</span> <span class='ocrx_word' id='word_1_277' title='bbox 1028 2693 1108 2755; x_wconf 91' lang='lat' dir='ltr'>boni·</span> 
     </span>
     <span class='ocr_line' id='line_1_35' title="bbox 232 2762 1108 2858; baseline 0.01 -37"><span class='ocrx_word' id='word_1_278' title='bbox 232 2774 297 2833; x_wconf 82' lang='lat' dir='ltr'>tas,</span> <span class='ocrx_word' id='word_1_279' title='bbox 316 2763 475 2835; x_wconf 84' lang='lat' dir='ltr'>liberalitas,</span> <span class='ocrx_word' id='word_1_280' title='bbox 494 2762 662 2841; x_wconf 83' lang='lat' dir='ltr'>benignitas,</span> <span class='ocrx_word' id='word_1_281' title='bbox 682 2762 823 2833; x_wconf 90' lang='lat' dir='ltr'>comitas,</span> <span class='ocrx_word' id='word_1_282' title='bbox 843 2781 961 2843; x_wconf 86' lang='lat' dir='ltr'>quaeque</span> <span class='ocrx_word' id='word_1_283' title='bbox 975 2768 1041 2829; x_wconf 92' lang='lat' dir='ltr'>sunt</span> <span class='ocrx_word' id='word_1_284' title='bbox 1061 2789 1108 2858; x_wconf 71' lang='lat' dir='ltr'>ge-</span> 
     </span>
    </p>

    <p class='ocr_par' dir='ltr' id='par_1_15' title="bbox 1038 2866 1110 2909">
     <span class='ocr_line' id='line_1_36' title="bbox 1038 2866 1110 2909; baseline 0.028 -2"><span class='ocrx_word' id='word_1_285' title='bbox 1038 2866 1110 2909; x_wconf 85' lang='lat' dir='ltr'>nens</span> 
     </span>
    </p>
   </div>
   <div class='ocr_carea' id='block_1_3' title="bbox 226 3029 1111 3599">
    <p class='ocr_par' dir='ltr' id='par_1_16' title="bbox 230 3029 1106 3202">
     <span class='ocr_line' id='line_1_37' title="bbox 264 3029 1105 3095; baseline 0.017 -21"><span class='ocrx_word' id='word_1_286' title='bbox 264 3036 302 3075; x_wconf 76' lang='lat'>61.</span> <span class='ocrx_word' id='word_1_287' title='bbox 320 3030 387 3075; x_wconf 73' lang='lat' dir='ltr'>Sacra</span> <span class='ocrx_word' id='word_1_288' title='bbox 397 3032 454 3076; x_wconf 58' lang='lat' dir='ltr'>Idea</span> <span class='ocrx_word' id='word_1_289' title='bbox 464 3030 604 3087; x_wconf 62' lang='lat' dir='ltr'>accipienda]</span> <span class='ocrx_word' id='word_1_290' title='bbox 624 3029 724 3079; x_wconf 70' lang='lat' dir='ltr'>Restitul</span> <span class='ocrx_word' id='word_1_291' title='bbox 735 3044 838 3080; x_wconf 79' lang='lat' dir='ltr'>veterem</span> <span class='ocrx_word' id='word_1_292' title='bbox 850 3032 987 3094; x_wconf 75' lang='lat' dir='ltr'>scripturam</span> <span class='ocrx_word' id='word_1_293' title='bbox 997 3038 1105 3095; x_wconf 64' lang='grc' dir='ltr'><strong>ληᾶοῐί,</strong></span> 
     </span>
     <span class='ocr_line' id='line_1_38' title="bbox 231 3088 1106 3165; baseline 0.014 -29"><span class='ocrx_word' id='word_1_294' title='bbox 231 3088 343 3149; x_wconf 79' lang='lat' dir='ltr'>jubentib.</span> <span class='ocrx_word' id='word_1_295' title='bbox 356 3093 446 3141; x_wconf 91' lang='lat' dir='ltr'>omnib.</span> <span class='ocrx_word' id='word_1_296' title='bbox 455 3095 511 3142; x_wconf 84' lang='lat' dir='ltr'>Pali.</span> <span class='ocrx_word' id='word_1_297' title='bbox 525 3096 550 3143; x_wconf 72' lang='grc' dir='ltr'>δι</span> <span class='ocrx_word' id='word_1_298' title='bbox 562 3093 658 3142; x_wconf 66' lang='lat' dir='ltr'>historia</span> <span class='ocrx_word' id='word_1_299' title='bbox 669 3094 726 3159; x_wconf 64' lang='lat' dir='ltr'>ipsi.</span> <span class='ocrx_word' id='word_1_300' title='bbox 743 3098 857 3143; x_wconf 84' lang='lat' dir='ltr'>recentius</span> <span class='ocrx_word' id='word_1_301' title='bbox 868 3096 943 3153; x_wconf 83' lang='lat' dir='ltr'>edici,</span> <span class='ocrx_word' id='word_1_302' title='bbox 960 3104 1106 3165; x_wconf 72' lang='lat' dir='ltr'>concipienda.</span> 
     </span>
     <span class='ocr_line' id='line_1_39' title="bbox 230 3157 326 3202; baseline 0 0"><span class='ocrx_word' id='word_1_303' title='bbox 230 3157 326 3202; x_wconf 85' lang='lat' dir='ltr'>Gruter.</span> 
     </span>
    </p>

    <p class='ocr_par' dir='ltr' id='par_1_17' title="bbox 226 3220 1111 3528">
     <span class='ocr_line' id='line_1_40' title="bbox 261 3220 1111 3287; baseline 0.016 -25"><span class='ocrx_word' id='word_1_304' title='bbox 261 3221 299 3263; x_wconf 82' lang='lat'>62.</span> <span class='ocrx_word' id='word_1_305' title='bbox 317 3222 360 3263; x_wconf 85' lang='lat' dir='ltr'>Nos</span> <span class='ocrx_word' id='word_1_306' title='bbox 370 3231 448 3265; x_wconf 79' lang='lat' dir='ltr'>tutores</span> <span class='ocrx_word' id='word_1_307' title='bbox 458 3220 554 3279; x_wconf 75' lang='lat' dir='ltr'>mifimus</span> <span class='ocrx_word' id='word_1_308' title='bbox 564 3222 665 3282; x_wconf 55' lang='lat' dir='ltr'>regitur]</span> <span class='ocrx_word' id='word_1_309' title='bbox 675 3222 793 3270; x_wconf 83' lang='lat' dir='ltr'>Pertinent</span> <span class='ocrx_word' id='word_1_310' title='bbox 804 3222 853 3271; x_wconf 84' lang='lat' dir='ltr'>haec</span> <span class='ocrx_word' id='word_1_311' title='bbox 864 3221 893 3270; x_wconf 87' lang='lat' dir='ltr'>ad</span> <span class='ocrx_word' id='word_1_312' title='bbox 910 3236 1054 3287; x_wconf 83' lang='lat' dir='ltr'>argenteum</span> <span class='ocrx_word' id='word_1_313' title='bbox 1065 3225 1111 3275; x_wconf 82' lang='lat' dir='ltr'>de·</span> 
     </span>
     <span class='ocr_line' id='line_1_41' title="bbox 229 3279 1106 3355; baseline 0.017 -32"><span class='ocrx_word' id='word_1_314' title='bbox 229 3279 321 3325; x_wconf 83' lang='lat' dir='ltr'>narium</span> <span class='ocrx_word' id='word_1_315' title='bbox 338 3284 374 3329; x_wconf 85' lang='lat' dir='ltr'>M.</span> <span class='ocrx_word' id='word_1_316' title='bbox 394 3283 500 3344; x_wconf 85' lang='lat' dir='ltr'>Lepidi,</span> <span class='ocrx_word' id='word_1_317' title='bbox 537 3285 562 3333; x_wconf 90' lang='lat' dir='ltr'>in</span> <span class='ocrx_word' id='word_1_318' title='bbox 579 3286 643 3343; x_wconf 77' lang='lat' dir='ltr'>cuius</span> <span class='ocrx_word' id='word_1_319' title='bbox 663 3300 709 3332; x_wconf 89' lang='lat' dir='ltr'>una</span> <span class='ocrx_word' id='word_1_320' title='bbox 724 3299 790 3348; x_wconf 85' lang='lat' dir='ltr'>parre</span> <span class='ocrx_word' id='word_1_321' title='bbox 808 3287 889 3333; x_wconf 81' lang='lat' dir='ltr'>tratrita</span> <span class='ocrx_word' id='word_1_322' title='bbox 905 3287 989 3351; x_wconf 83' lang='lat' dir='ltr'>imago</span> <span class='ocrx_word' id='word_1_323' title='bbox 1009 3290 1106 3355; x_wconf 82' lang='lat' dir='ltr'>AEgypti</span> 
     </span>
     <span class='ocr_line' id='line_1_42' title="bbox 226 3338 1106 3417; baseline 0.017 -31"><span class='ocrx_word' id='word_1_324' title='bbox 226 3338 319 3403; x_wconf 78' lang='lat' dir='ltr'>signata</span> <span class='ocrx_word' id='word_1_325' title='bbox 333 3342 365 3389; x_wconf 87' lang='lat' dir='ltr'>cll</span> <span class='ocrx_word' id='word_1_326' title='bbox 381 3358 434 3391; x_wconf 85' lang='lat' dir='ltr'>curn</span> <span class='ocrx_word' id='word_1_327' title='bbox 450 3346 523 3394; x_wconf 86' lang='lat' dir='ltr'>literis</span> <span class='ocrx_word' id='word_1_328' title='bbox 541 3353 639 3395; x_wconf 71' lang='lat' dir='ltr'>Anax</span> <span class='ocrx_word' id='word_1_329' title='bbox 649 3363 690 3395; x_wconf 75' lang='lat' dir='ltr'>aaa</span> <span class='ocrx_word' id='word_1_330' title='bbox 701 3362 791 3395; x_wconf 73' lang='lat' dir='ltr'>unua</span> <span class='ocrx_word' id='word_1_331' title='bbox 807 3367 816 3404; x_wconf 80' lang='lat'>3</span> <span class='ocrx_word' id='word_1_332' title='bbox 832 3350 858 3396; x_wconf 90' lang='lat' dir='ltr'>in</span> <span class='ocrx_word' id='word_1_333' title='bbox 878 3350 951 3398; x_wconf 84' lang='lat' dir='ltr'>altera</span> <span class='ocrx_word' id='word_1_334' title='bbox 967 3350 1106 3417; x_wconf 84' lang='lat' dir='ltr'>inscriptio,</span> 
     </span>
     <span class='ocr_line' id='line_1_43' title="bbox 227 3406 1104 3471; baseline 0.019 -22"><span class='ocrx_word' id='word_1_335' title='bbox 227 3406 265 3451; x_wconf 70' lang='grc' dir='ltr'>Μ.</span> <span class='ocrx_word' id='word_1_336' title='bbox 292 3408 448 3457; x_wconf 71' lang='lat' dir='ltr'>bertraus</span> <span class='ocrx_word' id='word_1_337' title='bbox 475 3424 575 3471; x_wconf 71' lang='lat' dir='ltr'>eona,</span> <span class='ocrx_word' id='word_1_338' title='bbox 599 3424 683 3464; x_wconf 65' lang='lat' dir='ltr'>max,</span> <span class='ocrx_word' id='word_1_339' title='bbox 711 3426 827 3462; x_wconf 72' lang='lat' dir='ltr'>auron</span> <span class='ocrx_word' id='word_1_340' title='bbox 853 3426 933 3468; x_wconf 72' lang='lat' dir='ltr'>true.</span> <span class='ocrx_word' id='word_1_341' title='bbox 956 3428 1001 3463; x_wconf 75' lang='lat' dir='ltr'>Ex</span> <span class='ocrx_word' id='word_1_342' title='bbox 1030 3432 1052 3465; x_wconf 81' lang='lat' dir='ltr'>a.</span> <span class='ocrx_word' id='word_1_343' title='bbox 1075 3430 1104 3467; x_wconf 87' lang='lat' dir='ltr'>c.</span> 
     </span>
     <span class='ocr_line' id='line_1_44' title="bbox 228 3465 305 3528; baseline -0.026 -12"><span class='ocrx_word' id='word_1_344' title='bbox 228 3465 305 3528; x_wconf 66' lang='lat' dir='ltr'>vastas.</span> 
     </span>
    </p>

    <p class='ocr_par' dir='ltr' id='par_1_18' title="bbox 1000 3546 1104 3599">
     <span class='ocr_line' id='line_1_45' title="bbox 1000 3546 1104 3599; baseline 0 -8"><span class='ocrx_word' id='word_1_345' title='bbox 1000 3548 1040 3599; x_wconf 70' lang='lat'>6³.</span> <span class='ocrx_word' id='word_1_346' title='bbox 1057 3546 1104 3591; x_wconf 74' lang='lat' dir='ltr'>Eat·</span> 
     </span>
    </p>
   </div>
   <div class='ocr_carea' id='block_1_4' title="bbox 0 0 1164 3914">
    <p class='ocr_par' dir='ltr' id='par_1_19' title="bbox 0 0 1164 3914">
     <span class='ocr_line' id='line_1_46' title="bbox 0 0 1164 3914; baseline 0 3"><span class='ocrx_word' id='word_1_347' title='bbox 0 0 1164 3914; x_wconf 95' lang='lat' dir='ltr'> </span> 
     </span>
    </p>
   </div>
   <div class='ocr_carea' id='block_1_5' title="bbox 1152 2366 1164 3761">
    <p class='ocr_par' dir='ltr' id='par_1_20' title="bbox 1152 2366 1164 3761">
     <span class='ocr_line' id='line_1_47' title="bbox 1152 2366 1164 3761; baseline 0 0"><span class='ocrx_word' id='word_1_348' title='bbox 1152 2366 1164 3761; x_wconf 95' lang='lat' dir='ltr'> </span> 
     </span>
    </p>
   </div>
  </div>
 </body>
</html>
