2318 3914
239 143 428 209 Luni-:n
475 138 811 206 Sucuunuo.
886 155 969 222 2411

96 245 164 307 alias
175 245 265 306 miser.
283 248 331 324 qui
346 247 421 307 enim
436 243 606 305 existimabat
616 241 694 379 folle
706 238 734 303 se
748 242 876 304 miserum
889 245 964 319 effe,

97 323 197 383 beatus
209 342 267 384 non
283 325 341 384 orit.
378 341 445 384 nam
461 321 526 380 cum
543 320 618 379 seme
642 320 679 379 est
702 320 820 396 suscepta
832 320 911 381 beata
924 326 967 385 vi-

97 410 146 470 ta,
165 411 222 459 tam
242 410 386 477 permanet
412 398 497 476 quarn
519 396 573 472 ipsa
586 396 631 455 illa
651 394 773 456 effeelrix
793 396 881 455 beatae
900 400 967 461 vitae

97 474 242 551 sapientia:
262 495 356 554 neque
371 475 507 552 exspoliat
520 473 651 532 ultimum
664 483 773 548 tempus
781 473 881 533 aetatie:
889 476 966 550 quod

99 551 195 612 Croeso
208 552 297 612 scribit
311 551 474 612 Herodotus
505 561 658 627 raeceptum
672 547 689 608 a
705 549 818 608 Solone.
844 553 966 623 etenim,

96 627 341 704 quemadmodum·
355 640 415 687 tute
429 570 557 696 nitelas,
577 638 660 702 negat
679 625 813 701 Epicurus
832 624 966 687 diuturni·
1028 695 1036 714 .

95 716 182 764 tatem
204 704 337 782 tquidem
359 706 491 781 temporis
519 703 553 763 ad
579 700 658 761 beate
686 701 839 761 vivendum
853 702 982 779 :aliquidt
995 698 1092 761 <ludent

95 779 220 848 afferre,
239 797 294 840 nec
315 781 453 839 minorem
473 780 645 856 voluptatem
665 779 769 854 percipi
783 779 812 837 in
828 761 1112 841 brevitatem&-

93 866 152 914 tem
174 858 229 915 oris
255 856 342 933 quim
367 857 442 916 stilla
457 855 488 915 fit
501 856 675 931 sempiterna.

169 950 211 990 aec
227 932 355 992 dicuntur
367 931 614 993 inconstantiffime.
652 928 716 989 clun
734 930 809 990 eninr
823 931 965 995 summum
973 930 1009 990 88

95 1007 208 1081 bonurn
223 1010 251 1067 in
264 1011 405 1085 'voluptate
418 1021 521 1086 ponat,
540 1021 621 1083 negat
633 1006 742 1067 infinito
755 1019 884 1083 tempore
898 1022 966 1071 aeta·

95 1085 131 1141 tis
146 1085 316 1159 voluptatem
338 1085 397 1145 fieri
419 1086 556 1160 majorem
576 1083 660 1159 quim
680 1082 760 1142 finito
792 1097 876 1161 atque
898 1104 964 1146 rno-

54 1182 62 1193 ¹
95 1160 172 1219 dico.
211 1163 269 1235 Qui
282 1162 385 1220 bonurn
400 1179 488 1220 omne
501 1163 530 1220 in
545 1161 645 1227 virtute
658 1161 737 1235 ponit
752 1200 761 1227 ,
781 1161 803 1218 is
818 1161 907 1236 potest
921 1163 964 1222 di·

96 1252 162 1295 cere
187 1235 280 1312 perfici
300 1238 405 1296 beatam
429 1239 514 1295 vitam
536 1236 705 1312 perfeffione
726 1236 840 1295 virtutis.
878 1252 963 1314 negat

96 1312 172 1369 enirn
187 1313 296 1371 summo
310 1315 387 1385 bono
400 1312 498 1372 afferre
512 1314 715 1372 incrementum
730 1311 814 1371 diem.
853 1317 900 1390 qui
915 1334 964 1374 au·

93 1400 153 1445 tem
168 1391 307 1465 voluptate
328 1390 415 1448 vitam
437 1389 509 1447 effici
529 1390 635 1447 beatam
659 1387 780 1462 putabit,
799 1388 851 1465 qui
873 1391 920 1450 fibi
940 1393 963 1450 ir

93 1466 261 1535 conveniet,
276 1464 301 1523 ‘fi
315 1465 425 1540 negabit
437 1463 735 1540 voluptatemcrescere
746 1463 963 1541 longinquitate?

90 1540 184 1615 igitur*
193 1559 228 1601 ne
242 1541 368 1601 dolorem
383 1542 507 1619 quidem.
544 1541 592 1599 An
607 1539 686 1598 dolor
708 1540 876 1615 longiffimus
889 1545 962 1618 quis-

90 1633 149 1690 que
162 1617 347 1677 vmiserrimus
362 1638 369 1676 2
389 1619 562 1694 voluptatem
576 1634 634 1675 non
648 1615 838 1691 optabiliorem
855 1618 984 1678 diutur-r‘
999 1612 1033 1663 ⁸st
1041 1617 1094 1669 ¹¹¹1ss

90 1693 163 1750 nitas
178 1694 241 1752 facit
257 1692 269 1751 ἓ
289 1694 369 1768 Quid·
381 1693 418 1752 est
438 1695 520 1769 igitur
537 1736 545 1764 ,
572 1710 620 1750 cur
642 1692 678 1749 ita
693 1692 798 1768 semper
812 1694 896 1752 deum
911 1679 1046 1771 ap·L⁴”¹⁶·

87 1767 174 1842 pellet
193 1769 325 1844 Epicurus
358 1771 468 1828 beatum
493 1771 523 1828 &
545 1767 710 1826 aeternum?
748 1769 859 1844 dempta
883 1772 960 1831 enim

89 1845 244 1904 aeternitate
258 1846 344 1904 nihilo
375 1847 479 1906 beatior
498 1846 602 1920 Jupiter
619 1843 705 1920 quam
726 1845 867 1918 Epicurus.
885 1860 959 1907 uter·

86 1937 147 1996 que
162 1922 237 1979 enirn
249 1921 361 1980 summo
375 1923 451 1981 bono
469 1923 565 1980 fruitur
580 1963 589 1990 ,
609 1921 637 1979 id
652 1920 711 1988 est,
730 1920 879 1995 voluptate.
904 1935 982 1984 ¹atrr
998 1941 1054 1979 narn

87 1997 167 2054 enim
182 1998 227 2055 bic
241 2000 324 2055 etiam
340 1998 445 2056 dolore.
483 2009 511 2056 at
533 2014 599 2054 curn
621 1995 698 2054 nihili
717 1995 792 2053 facit.
828 1997 865 2055 ait
878 1999 1018 2060 enirneum
1029 1996 1081 2043 “f''-

87 2070 134 2141 se,
155 2070 175 2128 fi
191 2086 301 2141 uratur,
321 2074 406 2148 quarn
420 2075 475 2132 hoc
489 2072 570 2130 suave
584 2072 731 2130 distucum.
973 2114 975 2119 ,

127 2150 193 2223 Qua
208 2150 289 2224 igitur
303 2166 331 2208 re
345 2149 360 2207 l
379 2150 434 2208 deo
448 2150 586 2216 vincitur,
606 2147 627 2205 st
647 2147 798 2207 aeternitate
819 2165 878 2208 non
892 2152 953 2211 vin·
964 2130 1002 2209 39
1072 2222 1075 2231 Ι

86 2224 187 2282 citur?
206 2226 235 2283 in
257 2243 310 2300 qua
329 2225 395 2302 quid
418 2226 456 2284 est
475 2226 542 2283 boni
565 2236 663 2298 praeter
676 2222 811 2283 summam
826 2224 952 2301 volupta·
1001 2216 1026 2263 Γ·
1044 2216 1074 2270 ¹¹

86 2311 165 2369 tem,
185 2302 214 2360 ὅ(
228 2319 290 2359 eam
304 2300 494 2376 sempiternam
511 2299 523 2358 ?
543 2300 608 2376 quid
629 2319 695 2376 ergo
715 2302 812 2360 attinet
835 2302 952 2376 gloriolb

85 2375 189 2510 logui,
209 2376 256 2435 nisr
277 2378 561 2453 constanter-loquare
578 2375 596 2439 ἓ,
615 2378 643 2435 in
664 2376 802 2451 voluptate
830 2383 953 2453 corporis

85 2453 116 2527 (a
137 2453 218 2520 darn,
238 2452 328 2521 fivis,
347 2454 456 2520 animi,
479 2455 579 2512 udum
601 2471 632 2510 ea
652 2453 730 2527 ipsa,
749 2464 780 2510 ut
800 2454 897 2525 vultis,
917 2457 951 2517 su

57 2580 60 2585 .
83 2528 165 2604 quod
186 2530 216 2586 δι
237 2530 264 2586 in
287 2536 414 2604 corpore)
435 2528 518 2588 srtum'
537 2530 574 2586 est
594 2530 688 2587 vivere
708 2528 795 2589 beate.
842 2533 949 2607 Quid?

83 2604 163 2664 iliam
178 2604 348 2678 voluptatem
363 2618 522 2680 perpetuam
538 2606 597 2681 quis
611 2604 698 2680 potest
712 2605 833 2679 praestare
845 2607 951 2682 sapien·

81 2682 105 2739 ti
121 2678 134 2736 ?
153 2698 218 2738 narn
240 2680 335 2755 quibus
356 2682 433 2740 rebus
454 2682 606 2746 efficiuntur
627 2682 804 2755 voluptates,
823 2683 869 2739 bae
889 2702 949 2744 non

82 2756 187 2815 suntin
211 2758 340 2831 potestate
360 2757 491 2833 sapientis.
528 2776 586 2816 non
606 2757 681 2815 enim
700 2758 801 2831 inipso
820 2757 948 2832 sapientia
1023 2820 1026 2831 ,

80 2832 203 2908 positum
218 2832 255 2891 est
269 2834 379 2892 beatum
395 2831 466 2905 elle,
484 2833 530 2894 sed
542 2836 570 2893 in
584 2834 614 2892 i'u
628 2833 722 2901 rebus,
742 2851 807 2909 quas
820 2833 948 2908 sapientia

867 2927 947 2968 com-

118 3166 154 3205 η.
170 3156 265 3199 Danaen
274 3153 331 3215 ipsa,
346 3164 370 3200 ut
380 3153 463 3207 vultis,
474 3152 516 3210 fir,
532 3154 589 3216 quod
598 3154 623 3204 δ’
634 3155 658 3199 iu
668 3158 768 3216 corpora]
796 3150 865 3203 Haud
880 3153 943 3204 secus

85 3214 162 3262 Aldus
171 3231 241 3270 auru,
258 3214 394 3279 secutusque
407 3215 439 3264 est
456 3216 579 3266 Victorius.
595 3230 619 3264 at
631 3220 669 3265 Ne
686 3231 732 3270 os,
748 3219 800 3263 dum
815 3220 839 3264 r'n
853 3235 877 3264 ea
890 3221 943 3280 ipsa.

86 3277 134 3324 Pal.
145 3292 177 3338 pr.
189 3278 247 3327 nibil
258 3278 369 3341 discrepat
382 3278 395 3327 a
408 3279 484 3340 priore
493 3276 619 3340 scriptura,
635 3280 658 3326 ni
688 3281 712 3328 in
721 3278 776 3331 fine.
792 3279 861 3330 habet
877 3283 943 3330 enim

83 3351 193 3394 rantum,
204 3341 266 3397 finer
277 3355 365 3403 corpore.
379 3342 464 3403 reliqui
474 3340 601 3390 admittunt
613 3340 708 3405 quidem
719 3347 793 3408 quod,
810 3343 848 3391 sed
863 3343 944 3391 exclu-

82 3401 142 3449 dunt
153 3415 233 3450 tamen
242 3407 279 3460 r‘nr
295 3419 376 3468 praecer
386 3406 489 3453 tertium.
512 3406 616 3462 malim,
632 3408 684 3453 dum
698 3424 723 3452 aa
739 3407 802 3469 ipae,
822 3419 847 3452 ut
857 3409 942 3459 vultis,
1031 3446 1034 3451 ,

79 3467 108 3525 stt
118 3467 144 3518 o·
154 3469 178 3514 r'n
190 3479 277 3530 corpere.
294 3469 386 3520 Gruter.
402 3467 532 3522 Lambrus
542 3469 633 3522 mauult
640 3469 679 3533 ,fit
689 3485 771 3537 qnoque
783 3472 808 3520 in
818 3482 928 3578 terpora.P

858 3548 900 3590 ic„
933 3543 970 3577 G·
