2318 3914
251 148 331 211 2442
438 121 501 187 Du
523 119 733 191 ΜΒΝ.
752 137 803 188 ur
824 122 940 189 Mne.

180 300 184 309 1
246 233 309 308 jure
324 230 494 306 contingere.
530 229 567 287 ita
581 227 628 296 fit.
649 238 680 286 ut
700 227 813 289 honeste
827 231 883 290 vita
910 229 993 290 beata
1012 232 1074 294 vita
1087 235 1124 307 fit·

250 310 282 366 δι
295 307 428 383 quoniam
442 309 480 374 is·‚
500 304 546 363 cui
560 304 720 379 contingit,
740 317 771 364 ut
790 305 849 380 jure
869 307 1024 379 laudetur,
1045 311 1123 375 habet

251 383 355 459 insigne
369 381 502 460 quiddam
516 380 552 441 ad
565 381 648 440 decus
668 383 698 439 &
712 380 747 443 ad
767 382 908 459 gloriam,
946 397 980 444 ut
1000 387 1043 443 ob
1068 404 1122 459 ee,

249 478 315 536 quae
328 473 404 520 tanta
417 458 493 529 fint‚
519 458 613 517 beatus
627 456 682 520 dici
700 458 762 533 jure
780 458 882 533 poffit:
909 460 989 520 idem
1011 461 1052 520 de
1073 466 1125 527 vita

100 576 118 626 q
133 537 308 610 tdsolumtilt's
323 538 373 597 viri
388 531 532 596 reetiffime
546 534 652 594 dicitur.
690 535 745 603 ita,
766 534 877 595 fibeata
898 539 957 599 vita
978 537 1124 601 honestate

28 614 31 619 '
100 625 193 674 bonum
249 614 372 751 {emituit
378 633 384 671 :
405 611 483 690 quod
495 611 641 673 honesturn
656 610 711 681 est,
731 611 780 673 nid
792 610 898 677 bonum
912 612 1004 673 solum
1020 615 1124 677 haben·

99 691 152 736 arii.
272 710 381 751 ome.

203 765 241 826 29
289 767 377 842 Quod
392 764 459 825 vero
472 766 565 843 negari
577 764 653 825 nullo
668 766 756 825 modo
773 767 967 843 poffit‚quem
981 785 1119 851 umquam

250 845 349 913 stabili,
369 846 398 903 δι
411 843 518 913 firmo,
538 845 568 907 δε
582 861 686 919 magno
701 844 797 903 animo
813 887 822 913 ,
841 861 927 920 quern
949 846 1061 906 fortem
1083 847 1120 905 vi·

248 939 310 980 rum
326 921 459 991 dicimus,
479 921 550 978 effici
563 918 655 995 posse,
674 919 724 981 nifi
738 919 915 981 constitutum
929 919 964 980 fit
974 940 1056 990 ,non
1071 920 1120 982 effe

249 999 352 1057 maium
369 997 516 1056 dolorem?
536 998 578 1054 Ut
592 998 667 1055 enim
681 997 730 1072 qui
743 1008 864 1056 mortem
878 998 907 1056 in
921 999 1003 1061 malis
1025 999 1119 1074 ponit,

249 1093 308 1134 non
323 1074 411 1149 potest
424 1092 487 1132 eam
501 1092 560 1132 non
574 1074 688 1131 timere:
709 1071 745 1130 fic
760 1090 846 1133 nemo
862 1073 914 1131 ulla
927 1077 958 1132 in
979 1092 1011 1134 re
1032 1074 1118 1151 potest

99 1177 114 1210 1
132 1159 240 1211 decreve
248 1150 302 1220 id,
321 1150 399 1227 quod
419 1150 524 1208 malunt
545 1146 598 1207 eiie
618 1149 782 1219 rdecernit,
824 1167 883 1208 non
908 1167 1008 1209 curare
1036 1151 1117 1228 idque

99 1222 130 1274 fit
140 1227 193 1273 MS·
248 1239 444 1286 contemnere:
464 1245 522 1302 quo
536 1224 625 1301 pofito
650 1228 679 1284 &
693 1228 822 1285 omnium
836 1222 939 1284 assensu
951 1228 1117 1303 approbato,

244 1304 310 1363 iliud
319 1301 457 1362 assumitur
472 1347 481 1371 ,
502 1320 585 1370 curn,
605 1303 653 1377 qui
667 1319 772 1376 magno
786 1301 818 1360 stt
832 1303 927 1361 animo
955 1315 1044 1383 atque
1061 1306 1117 1363 for·

242 1381 281 1449 ti,
302 1381 414 1449 omnia,
433 1398 497 1457 quae
513 1378 609 1437 cadere
622 1380 650 1436 in
665 1380 809 1437 hominem
831 1377 950 1453 possint,
977 1379 1117 1456 despicere

244 1459 338 1531 &pro
353 1456 439 1518 nihilo
452 1468 557 1531 putare.
582 1454 736 1530 =quaeci1m
751 1458 788 1514 ita
807 1453 881 1524 sint,
901 1454 1038 1515 effeeium
1061 1456 1115 1525 est.

245 1534 314 1593 nihil
328 1531 381 1591 effe
396 1533 517 1602 rnalurn,
537 1531 614 1607 quod
633 1544 712 1606 turpe
734 1531 847 1590 nonsit.
885 1531 984 1608 Atque
1003 1533 1053 1591 iste
1071 1533 1112 1591 vir

247 1609 315 1677 altus
344 1611 373 1667 8<
395 1609 552 1676 excellens,
574 1625 676 1682 magno
698 1608 793 1665 animo
811 1650 820 1678 ,
838 1605 904 1665 vere
925 1609 1022 1680 fortis,
1041 1609 1112 1669 inita

243 1683 271 1744 ie
293 1687 387 1744 omnia
407 1686 527 1743 humana
549 1683 651 1746 ducens
666 1726 686 1761 ,Ι
700 1684 721 1741 is
742 1684 855 1760 inquam
871 1726 880 1752 ‚
899 1702 987 1760 quem
1001 1685 1111 1743 efficere

243 1761 390 1829 volumus,
410 1780 494 1837 quern
509 1761 657 1835 quaerimus
671 1757 799 1828 certe,&
814 1759 1107 1829 confiderefibidebet,

246 1838 276 1895 δι
290 1837 345 1896 suae
360 1840 425 1895 vitae
440 1840 468 1896 &
484 1837 552 1894 aeiae
580 1836 801 1910 &consequenti
817 1879 827 1905 ,
846 1838 875 1894 &
891 1837 964 1899 bene
974 1835 1007 1895 de
1019 1834 1047 1894 se
1057 1836 1106 1913 J'u-

24 1960 28 1969 „
126 1933 153 1980 p,
173 1932 200 1978 ι.
243 1912 350 1984 dicare,
369 1914 485 1973 statuens
504 1914 569 1972 ninii
592 1912 657 1970 mali
677 1909 752 1987 posse
778 1912 900 1970 incidere
919 1913 1038 1990 sapienti.
1071 1929 1110 1976 ex

89 2012 102 2044 s
122 1995 181 2066 atii,
240 2007 300 2066 quo
315 1991 471 2066 intelligitur
485 1989 575 2048 ⁵idem
592 1988 674 2055 illud,
696 1987 782 2046 solum
804 1990 911 2048 bonum
934 1990 1011 2058 efle.
1030 1989 1110 2066 quod

93 2049 385 2126 idem›¹¹¹¹¹‘¹honestum
400 2067 448 2135 iit3
469 2066 568 2141 tidque
583 2063 635 2125 effe
657 2061 734 2124 beate
756 2065 874 2136 vivere,
894 2065 1034 2131 'honeste
1054 2109 1064 2138 ,
1082 2065 1111 2129 id

92 2117 177 2169 s⁰¹¹¹¹¹¹'
241 2143 294 2211 est,
314 2161 379 2201 curn
394 2145 493 2202 virtute
507 2145 609 2206 vivere.

91 2246 143 2296 ,iffi
280 2220 328 2279 IX.
349 2221 428 2279 Nec
450 2219 549 2277 veno
570 2221 670 2292 ignoro
685 2218 770 2276 varias
784 2219 1013 2294 philosophorum
1030 2220 1109 2281 iuiffe

92 2307 204 2357 v&ho·
241 2295 400 2364 sententias,
421 2313 517 2352 eorum
540 2295 628 2363 dico,
649 2295 696 2370 qui
716 2294 855 2354 summum
877 2297 1012 2366 bonum,
1032 2298 1109 2375 quod

92 2370 149 2423 nest.
160 2370 203 2421 ite.
240 2373 366 2430 ultimum
381 2371 506 2446 appello,
526 2372 554 2428 in
568 2371 664 2428 animo
678 2385 821 2444 ponerent.
852 2391 919 2448 quas
933 2390 1109 2450 quamquam

132 2498 136 2513 ,
193 2449 231 2509 30
240 2447 333 2506 vitiose
347 2448 460 2522 quidam
475 2446 556 2507 secuti
571 2446 649 2516 sunt,
668 2458 836 2507 tamennon
851 2447 940 2509 modo
957 2439 1108 2522 histrum,

236 2526 284 2599 qui
305 2525 433 2581 virtutem
454 2523 470 2581 i
492 2522 602 2581 summo
623 2524 699 2581 bono
719 2523 950 2600 segregaverunt,
971 2525 1039 2586 cum
1061 2541 1109 2589 aut

236 2599 423 2673 voluptatem,
444 2611 491 2657 aut
503 2601 668 2658 vacuitatem
684 2598 800 2669 doloris,
822 2613 868 2658 aut
888 2603 976 2675 prima
997 2617 1108 2663 naturae

90 2685 171 2743 :iam
238 2676 268 2734 in
281 2676 392 2737 summis
414 2677 491 2734 bonis
511 2688 669 2752 ponerent,
695 2675 740 2734 sed
760 2677 866 2734 tetiam
888 2679 976 2736 alteris
998 2682 1108 2753 tribus,

89 2750 139 2797 ⁸²⁸³·
237 2754 286 2827 qui
300 2770 426 2812 mancam
449 2754 509 2811 fore
531 2764 719 2827 putauerunt,
739 2751 795 2811 fine
815 2754 902 2828 aliqua
923 2756 1107 2826 acceffiom.

236 2830 383 2899 virtutem,
404 2830 432 2885 ³⁶
439 2830 476 2889 ob
491 2846 609 2906 eamque
623 2845 682 2887 rem
696 2829 779 2887 trium
794 2847 888 2891 earum
902 2847 1016 2904 rerum,
1038 2852 1106 2912 quas

1033 2974 1043 2993 ‚
1064 2912 1107 2971 su·

238 3087 287 3137 Pal.
299 3103 332 3150 pr.
344 3090 369 3136 a't
378 3088 446 3138 restat
453 3103 480 3138 ea
487 3088 511 3138 in
522 3088 578 3136 Pali.
586 3090 681 3145 ceteris5
701 3088 803 3153 *equibus
814 3089 884 3139 habet
894 3090 938 3142 see.
960 3094 1053 3157 quidem
1069 3097 1107 3141 2¹⁸·

239 3152 321 3211 honesta
331 3156 381 3199 uita
387 3156 439 3211 jure
448 3157 534 3211 coming.
545 3152 611 3212 quod
623 3154 647 3200 &
658 3152 725 3202 restat
736 3157 760 3203 in
770 3168 844 3216 quart.
854 3155 952 3217 quinto,
962 3158 1041 3206 sexto.
1060 3157 1105 3207 ha·

132 3230 142 3239 ¹
237 3212 698 3277 hecquesuamheicquoquesentenrium
707 3217 940 3269 minimeabiurdam.
983 3218 1103 3284 rpeodent

236 3278 397 3325 accuratiores.
413 3280 498 3327 Gruter.
514 3279 582 3342 Qud
590 3297 615 3325 ne
622 3278 680 3340 poffir
689 3284 774 3342 quidem
785 3282 885 3341 conjecit
896 3285 955 3328 Lam
974 3283 1036 3331 inus.

270 3348 307 3394 36.
326 3343 356 3387 Ob
363 3355 450 3402 eamque
460 3357 503 3386 rem
513 3346 582 3387 trium
591 3360 663 3388 earum
675 3362 744 3389 rerum
757 3376 764 3398 ‚
784 3345 908 3405 quasfiepro
923 3345 974 3389 dixi
989 3378 996 3401 ‚
1009 3347 1103 3407 singulis

232 3401 326 3461 fingulas
342 3403 405 3460 υἱώ]
438 3402 473 3449 Sic
487 3401 573 3450 habent
590 3420 673 3452 omncs
689 3406 741 3453 libri
759 3419 815 3457 vett.
831 3407 876 3454 boc
892 3420 940 3453 uno
961 3406 974 3454 i
995 3409 1101 3472 vulgatis

233 3462 471 3535 discrepantesque
481 3464 616 3525 hinnirent,
626 3470 719 3536 stngutas
725 3470 828 3537 fingatis:
844 3468 986 3528 illi,ordine
997 3484 1101 3584 conviser-

506 3550 510 3556 .
805 3552 810 3560 ,
847 3550 850 3555 -
881 3554 884 3559 .
983 3556 987 3561 .
1054 3546 1058 3553 “
1070 3548 1100 3592 ⁰,
