2318 3914
252 98 332 188 2'752
398 101 1014 171 Tnscuu.DrsrurArrounrr

215 266 218 275 ,
249 212 406 272 commodo
421 212 535 287 aflectus
551 211 599 281 stt,
620 213 826 287 praedicandum
849 214 894 272 est.
943 226 971 270 32
982 215 1121 292 Chryiippi

253 290 287 346 ad
311 292 456 348 veritatem
479 288 629 347 firmiffima
650 291 711 348 est:
758 291 791 349 ad
819 301 932 365 temput
959 294 1121 367 aegritudinis

102 385 196 434 konns
254 367 377 427 difficilis.
418 382 550 440 magnum
567 362 657 452 ¹⁸opus
671 365 732 436 eii,
753 367 867 440 probare
881 366 1031 439 maerenti,
1050 370 1120 428 illum

103 451 174 497 MSS.
192 448 228 500 d·
255 441 303 501 suo
315 443 440 519 judicio,
461 445 490 500 &
509 440 587 518 quod
601 448 628 499 1'e
641 444 678 500 ita
693 455 773 517 putet
785 457 914 519 oportere
928 445 1040 515 facere,
1061 463 1122 504 ma·

103 513 156 559 ⁴¹¹²·
254 514 323 578 rere.
361 520 493 577 nimirum
508 518 606 592 igitur,
626 533 656 576 ut
669 520 703 576 in'
715 518 799 577 causis
811 538 871 578 non
892 521 1002 596 semper
1025 524 1122 581 utimur

254 595 355 654 eodem
372 594 455 661 statu;
478 592 525 665 (fic
542 595 618 651 enim
633 594 801 671 appellamus
815 596 1122 674 controverfiarurnge·
1142 622 1153 683 p

104 674 333 743 1,ccv111‚nera)
353 670 399 730 ied
418 671 453 729 ad
473 684 582 745 tempus
606 713 614 739 ,
633 671 669 729 ad
697 671 894 730 controversiae
929 685 1076 744 naturam,
1093 675 1122 733 ad

62 766 66 783 ι’
255 748 400 823 personam
413 746 679 805 accommodamus:
702 748 775 806 3³src
795 750 824 806 in
846 749 1011 825 aegritudine
1025 752 1123 809 lenien·
1149 742 1154 783 ³

255 827 290 959 {pa
309 843 394 959 quaspn
423 824 538 900 quisque
560 825 733 883 curationem
766 826 888 900 recipere
919 827 1002 901 poffit
1036 828 1123 887 videu-
1152 846 1156 855 ·

277 918 388 960 ume.

210 978 248 1038 80
295 977 348 1036 Sed
362 976 454 1036 nescio
469 994 528 1052 quo
543 976 625 1051 padio
638 976 671 1034 ab
686 994 722 1034 eo
738 1017 747 1045 ,
767 976 915 1053 quoderat
934 977 968 1038 ¹a
982 991 1012 1037 te
1028 997 1121 1055 propo·

106 1057 116 1107 1
132 1066 188 1107 ante
256 1053 355 1122 snum,
375 1055 622 1111 aberravitoratio
647 1067 678 1110 tu
692 1053 767 1112 enim
783 1053 818 1111 de
832 1054 954 1129 sapiente
968 1056 1119 1132 quaetieras:
1152 1056 1156 1092 ⁵

106 1120 247 1195 91⁰P·{‘1⁸⁸·
258 1131 302 1189 cui
317 1142 363 1195 aut
377 1130 482 1188 malurn
497 1129 584 1187 videri
599 1129 706 1187 nullum
720 1130 807 1203 potest
825 1171 833 1198 ,
853 1131 933 1206 quod
946 1146 1031 1191 vacet
1045 1133 1119 1206 turpi·

107 1185 134 1293 ᾖ
150 1185 228 1293 Zffi-et
257 1206 369 1264 tudine:
390 1208 485 1265 aurita
501 1222 616 1279 parvum
632 1205 753 1273 malum,
773 1218 803 1263 ut
815 1204 1013 1266 idmobrnatnr
1027 1208 1120 1283 sapien·

109 1308 232 1357 pompm,
257 1282 295 1340 tid
322 1283 431 1359 vixque.
441 1294 585 1357 appareat:
624 1282 673 1358 qui
687 1282 755 1339 nihil
768 1282 902 1357 opinione
916 1284 1030 1360 affingat
1061 1280 1118 1342 adu·

259 1372 373 1435 rnatque
388 1359 422 1417 ad
436 1357 645 1451 aegritudinem:
666 1376 719 1416 nec
733 1357 760 1416 id
780 1371 858 1433 putet
880 1356 934 1417 effe
956 1360 1079 1429 redium,
1094 1358 1116 1417 se

109 1469 126 1503 n
142 1452 234 1515 gravius
257 1433 344 1511 quam
361 1435 483 1492 maxime
505 1435 653 1493 excruciari
670 1434 802 1510 ludiuque
821 1434 947 1494 confici:
968 1455 1028 1512 quo
1048 1450 1116 1512 npra·

112 1519 165 1590 istu.
178 1530 230 1579 par·
260 1512 319 1570 vius
341 1513 408 1569 nihii
429 1508 482 1568 effe
504 1511 592 1585 possit.
632 1510 744 1569 edocuit
769 1522 864 1569 tamen
892 1513 982 1581 ratio,
1003 1525 1034 1572 ut
1059 1511 1115 1571 mihi

109 1595 159 1652 3¹⁰⁸
171 1582 222 1628 MS·
259 1589 373 1664 quidem
388 1587 513 1655 videtur,
533 1584 597 1645 cum
612 1587 668 1645 hoc
682 1586 769 1661 ipsum
784 1585 894 1663 proprie
911 1599 1008 1648 rruon
1022 1604 1114 1666 quare·
1146 1592 1149 1601 '

259 1677 332 1723 retur
346 1665 402 1722 hoc
417 1674 562 1738 tempore,
583 1680 651 1721 num
668 1663 743 1739 quod
758 1661 823 1722 edet
837 1664 961 1735 malum,
981 1665 1032 1725 nisr
1050 1662 1113 1742 quod

258 1741 333 1799 idem
348 1740 402 1800 dici
415 1752 495 1815 turpe
511 1737 613 1814 poiiet:
634 1752 728 1799 tamen
742 1751 773 1798 ut
788 1739 945 1799 videremus
966 1785 976 1811 ,
995 1738 1114 1819 quidquid

260 1814 325 1875 effer
339 1818 368 1875 in
381 1815 543 1893 aegritudine
557 1816 639 1885 mali,
657 1817 686 1874 id
706 1835 764 1875 non
785 1817 908 1876 naturale
927 1817 1000 1888 effe,
1020 1818 1064 1878 sed
1074 1834 1113 1875 ro-

214 1894 379 1955 8rluntario
400 1895 506 1969 judicio
533 1894 562 1951 dc
575 1894 713 1968 opinionis
727 1910 818 1952 errore
840 1895 1026 1955 contradum.
1057 1896 1115 1953 Tn-
1141 1885 1148 1945 ι’

252 1971 365 2029 ¹ciarum
381 1970 525 2029 citantem
546 1969 563 2028 *a
584 1968 662 2028 nobis
682 1970 711 2027 id
731 1987 817 2045 genus
838 1972 1009 2046 aegritudinis
1025 2014 1034 2042 ,
1052 1967 1115 2047 qmd
1139 1958 1145 2033 Ι

260 2065 349 2105 unum
364 2047 401 2104 est
415 2049 543 2113 omnium
558 2047 731 2114 martimum,
752 2060 798 2116 ut,
819 2065 854 2105 eo
868 2049 992 2117 sublato,
1012 2049 1116 2124 reliquo·

259 2140 321 2183 rum
337 2122 457 2182 remedia
472 2142 507 2181 ne
522 2140 691 2199 magnopere
704 2123 853 2199 quaerenda
866 2125 1063 2183 arbitraremur.

298 2198 430 2258 XXXIV.
451 2200 553 2256 Suur
574 2217 671 2258 auru
692 2214 786 2268 certa,
815 2217 879 2273 quae
902 2200 938 2258 de
953 2212 1115 2276 paupertate3
1149 2250 1152 2265 ,

260 2290 351 2346 certa,
371 2293 435 2351 quae
451 2276 556 2335 devita
583 2277 747 2335 inhonorata
774 2277 932 2352 &ingloria
946 2278 1002 2337 dici
1019 2277 1118 2410 soleapr.
1148 2292 1152 2363 p

1096 2370 1117 2408 t.

299 2576 335 2614 32.
354 2560 457 2622 Chryfippr'
465 2560 495 2604 ad
504 2560 617 2605 veritatem
627 2559 751 2620 firmrffirna
766 2557 813 2618 eff]
844 2564 958 2621 sequutus
976 2559 1026 2611 sum
1041 2560 1118 2610 vidior.
1138 2602 1141 2610 .

264 2621 409 2678 editionem,
423 2624 447 2669 in
458 2621 506 2683 qud
516 2620 577 2669 deest
588 2637 635 2669 vox
648 2628 719 2669 rarii:
736 2620 801 2679 quod
817 2619 848 2669 src
864 2638 960 2685 quoque
971 2625 1089 2688 repererim
1099 2625 1119 2671 in
1137 2634 1140 2669 r

266 2685 323 2733 Paul.
334 2697 387 2733 tert.
395 2698 472 2746 quart.
483 2685 556 2732 etiam
566 2687 690 2733 omittatur
700 2688 722 2732 in
735 2687 783 2733 aiio
794 2698 840 2734 vet.
852 2685 906 2734 cod.
916 2690 940 2735 d:
949 2688 1049 2751 Gryphii
1060 2686 1117 2735 libro.
1137 2704 1140 2709 ·

265 2748 407 2857 Paldirprdm'
423 2748 498 2809 quint.
515 2750 618 2812 Cirrffippi
642 2750 757 2795 auctorum
775 2749 805 2794 ad
830 2752 944 2796 veritatem
960 2751 1081 2814 firmrffim
1091 2742 1140 2809 ests

265 2813 302 2857 Ge
335 2826 384 2858 ar.

293 2888 331 2925 ir.
349 2875 387 2918 Sic
409 2875 432 2918 in
448 2873 571 2935 egritudine
585 2871 682 2920 remeunt
703 2888 769 2934 qnam
789 2875 878 2936 quisque
899 2878 1031 2923 curationem
1045 2878 1118 2937 mim
1140 2858 1144 2879 ι

257 2935 316 2998 potiit
338 2937 456 2982 videndum
471 2938 519 2992 eri]
547 2939 639 2984 Secutus
655 2933 696 2982 iric
717 2933 766 2983 sum
782 2936 853 2984 libros
871 2950 993 2999 quatuor,
1017 2952 1062 2990 ret.
1076 2934 1118 2986 cod.

263 2999 320 3045 Pali.
335 2998 412 3060 quint.
423 2998 490 3046 Fabr.
506 2997 564 3047 Pitb.
581 3000 653 3047 eriam
669 2997 751 3045 durrus
764 2996 882 3047 sententia
897 3002 1078 3050 concinnitate:
1091 2997 1119 3047 so·

262 3062 334 3107 lucius
345 3062 431 3123 vulgo,
446 3061 476 3121 fic
485 3065 508 3107 in
518 3064 641 3123 egritudine
649 3060 755 3110 leniendi.
772 3079 823 3106 nam
833 3077 899 3124 quam
908 3068 999 3126 quisque
1009 3068 1120 3113 curatione!
1151 3078 1154 3091 ¹

264 3126 351 3173 retinere
370 3122 429 3185 poffir
462 3126 583 3171 mamam
600 3125 635 3184 est.
661 3122 734 3173 Idem.
768 3130 855 3172 Num
869 3141 937 3188 qnam
951 3132 1042 3192 quisque
1061 3123 1118 3175 estin
1152 3142 1155 3147 ·

267 3188 365 3234 Norvic.
380 3202 495 3247 quamnam
506 3191 595 3250 quisque
607 3191 700 3235 Manui.
1150 3222 1155 3243 r

299 3264 336 3306 34.
351 3256 399 3295 Nou
409 3261 535 3311 quareretur
544 3253 581 3296 luc
590 3262 692 3313 tempore,
707 3265 733 3295 ne
743 3249 830 3312 quidem
839 3252 909 3299 alim
922 3252 960 3312 effe
969 3256 1071 3311 malm]
1082 3246 1116 3297 Μ
1149 3262 1156 3331 p

267 3312 335 3372 prim.
348 3314 439 3371 nequod
449 3311 494 3370 effir
505 3316 594 3361 maium.
611 3311 701 3362 secund.
714 3325 768 3361 tert.
778 3326 854 3375 quart.
867 3314 944 3378 quint.
955 3334 1013 3363 nunc
1022 3316 1076 3381 qiud
1082 3312 1117 3371 σι’·

264 3376 355 3423 aarum.
373 3377 502 3422 verteret.
510 3375 563 3424 cod.
572 3376 657 3429 lamb.
671 3378 785 3441 numqrrod
794 3376 840 3441 effer
849 3379 943 3432 mairam.
959 3380 1027 3431 Febr.
1039 3390 1119 3427 nortw-

259 3440 299 3500 μ’,
317 3438 530 3503 quodeffermalrrm.
562 3437 640 3491 Gebu.

1006 3520 1044 3567 rt·
1058 3504 1123 3567 ἓν
1150 3506 1156 3551 ⁸
