2318 3914
246 100 330 181 2876
396 98 1002 169 TuetonDrsrurn-rronun

244 211 521 285 ergobiinillotum,
541 213 616 273 &illi
630 214 660 273 in
678 214 782 274 hurum
795 213 925 274 sermone
939 213 1033 273 surdi:
1055 222 1126 274 ισο-

100 302 119 363 ¹·
243 304 381 367 mnusque
394 288 424 349 id
430 308 483 349 nos
495 291 524 350 in
532 292 564 351 iis
570 290 669 366 linguis
677 308 761 368 ,quas
775 309 834 350 non
847 291 1049 367 intelligimus,
1061 310 1125 368 quae

243 356 553 435 smrrnnumerabrles,
579 366 650 427 surdi
689 366 800 427 rufedib
820 368 921 427 sumus.
959 369 1007 427 At
1018 385 1122 428 uocern

92 480 113 515 e
121 460 236 513 farus,
245 441 392 502 citharoedi
405 461 464 503 non
478 444 594 504 audiunt
602 464 610 502 ι
618 461 654 503 ne
661 384 806 505 inderem
813 444 1044 520 quidem⁰serrae
1050 458 1120 516 tum,

91 524 169 593 put·
245 518 447 605 cumacuitut:
468 535 515 581 aut
526 522 707 598 grunnitum,
725 520 790 580 curn
800 520 1038 597 jugulaturrsus:
1054 538 1118 591 nee,

92 592 166 666 ¹¹:5⁸·
178 590 206 644 ὁ*
246 593 314 656 cirin
326 594 466 672 quiescere
480 597 747 666 volunt,iremitum
762 597 959 657 murmurantis
967 599 1063 657 maris.
1077 598 1118 668 Et,

94 654 153 706 ''³⁸-
246 670 442 733 ficantuseos
454 673 836 810 fortddelediant,ufrimbm
851 675 980 749 cogitare
999 673 1116 744 debent,

243 762 308 808 ante
328 749 394 809 uim
410 750 439 810 hi
453 751 504 810 fint
518 752 642 821 intenti,
663 767 692 809 m
723 764 766 811 tos
779 746 965 810 bertevixille
976 749 1114 825 sapientes.

240 768 344 915 deinie
357 825 449 886 multo
461 828 598 902 majorem
613 829 717 904 percipi
729 824 805 905 posse
818 827 941 904 legendis
968 827 1013 886 his
1035 827 1112 904 quin

240 902 383 965 audiendis
410 903 592 980 voluptatem.

184 1013 235 1073 m
283 980 383 1049 Turn,
400 995 431 1040 ut
445 982 538 1057 paullo
552 979 616 1041 ante
630 998 723 1042 caecos
736 981 772 1041 ad
784 982 892 1040 aurium
905 977 1114 1039 traducebamus

246 1058 438 1133 uoluptatem,
456 1058 492 1117 fic
504 1058 570 1117 licet
583 1058 677 1117 surdos
699 1058 735 1117 ad
755 1056 913 1118 oculorum.
952 1057 1061 1115 etenim
1074 1057 1116 1133 qui

95 1159 122 1206 ῃ,
138 1171 217 1207 cm,
246 1135 341 1194 secum
354 1135 434 1213 loqui
448 1136 571 1209 poterit,
597 1134 757 1195 sermonem
778 1133 886 1194 alterius
906 1150 969 1193 non
991 1133 1116 1210 requiret.

94 1234 228 1286 μοιμοι
246 1212 461 1286 ‹reongerannn
473 1212 502 1269 in
518 1229 607 1270 unum
621 1213 737 1281 onmia,
757 1222 788 1270 ut
812 1211 889 1271 idern
912 1209 1004 1271 oculis
1031 1211 1061 1269 δι
1073 1227 1116 1269 au·

96 1298 183 1348 zuene
246 1289 319 1347 ribru
331 1301 427 1363 captus
439 1286 485 1347 fit:
505 1301 645 1361 prematur
657 1290 742 1347 etiarn
757 1286 901 1348 doloribus·
909 1287 1052 1347 acerrimis
1058 1303 1116 1345 cor-

95 1350 152 1399 ω·
247 1362 340 1440 poris?
359 1366 409 1441 qui
422 1363 542 1439 primum
556 1382 606 1439 per
620 1364 647 1423 se
662 1364 712 1440 ipsr
724 1364 887 1442 plerumque
902 1361 1060 1425 conficiunt
1066 1363 1115 1423 bo·

46 1504 50 1509 .
96 1452 224 1506 rteinfin
248 1440 450 1501 minem:.¹fin
464 1439 536 1501 forte
555 1442 758 1517 longinquitate
797 1440 905 1501 rodudi
925 1437 1114 1499 vehementiiu

95 1518 219 1582 immi·
248 1532 343 1579 tamen
357 1529 489 1595 torquent
514 1512 601 1595 quim
616 1530 648 1576 ut
670 1517 748 1577 caula
787 1528 816 1588 t,
836 1534 885 1577 cut
898 1516 1040 1576 ferantur:
1055 1514 1116 1591 quid

97 1583 177 1632 Μ’
248 1595 287 1655 est
300 1594 413 1653 tandem
429 1635 438 1663 ,
457 1592 496 1652 dii
515 1594 605 1653 boni!
626 1594 703 1670 quod
724 1591 906 1654 laboremus?
926 1604 1024 1668 portus
1045 1594 1116 1651 enirn

247 1671 347 1749 praello
362 1670 419 1738 est,
437 1670 571 1747 quoniam
591 1688 667 1730 mors
686 1669 791 1749 ibidem
810 1671 873 1740 eli,
898 1681 1038 1731 aetemum
1055 1666 1116 1727 nibil

248 1748 376 1809 sentienti
388 1747 601 1822 receptaculum.
641 1758 666 1802 5¹
678 1747 849 1808 Theodorus
857 1745 1033 1822 Lyfimacbo
1045 1762 1117 1805 rnor-

249 1836 309 1884 tem
324 1824 478 1883 minitanti:
498 1825 636 1900 Magnum
650 1823 737 1893 vero,
755 1825 783 1882 in
804 1825 862 1893 uir,
880 1820 1014 1890 effecisti,
1028 1821 1118 1881 fican-

101 1970 105 1979 ,
188 1901 341 1978 „ptaridis
354 1901 413 1959 vim
428 1899 589 1960 consecutus
603 1919 640 1961 es.
678 1900 776 1961 Paulus
785 1843 876 1959 ieriae
887 1899 1068 1973 deprecanti,
1087 1914 1117 1957 ne

248 1981 279 2039 in
298 1977 441 2053 triumpho
463 1976 631 2049 duceretur,
653 1987 680 2031 5²
689 1977 723 2036 In
737 1990 784 2036 tua
803 1977 833 2051 id
855 1975 972 2053 quidem
988 1974 1116 2109 poteilghe

283 2193 322 2233 50.
339 2185 453 2242 Omnesque
464 2180 488 2228 id
498 2187 553 2239 non]
570 2182 597 2229 ld
607 2195 657 2230 non
667 2179 738 2231 video
748 2178 807 2242 quid
817 2178 911 2245 speetu.
930 2177 982 2226 anti
1000 2175 1026 2226 ui
1042 2175 1117 2227 (cribe-

250 2235 323 2298 bant,
339 2245 365 2292 it.
376 2241 434 2292 inde
443 2242 503 2291 mibi
515 2256 569 2292 otta
580 2242 716 2305 eonjedura
731 2243 783 2300 eii,
798 2255 824 2291 ut
842 2246 893 2290 iren
909 2191 1042 2307 legeniurn
1058 2253 1119 2303 puta·

251 2316 311 2354 rem.
328 2306 355 2355 Ρ.
363 2308 450 2356 Manat.
482 2314 598 2372 Omnesque
608 2310 632 2356 ia
642 2314 699 2366 non]
715 2304 795 2356 officit
807 2303 878 2355 sensui
890 2320 938 2353 vox
949 2304 1041 2353 medin.
1057 2301 1117 2351 Paul·

249 2366 288 2417 lus
297 2368 416 2419 Manutius
429 2371 537 2433 reponit,
547 2386 616 2418 amm
625 2373 677 2418 itan
685 2387 736 2419 nas:
757 2374 789 2421 D.
801 2382 880 2419 autern
891 2366 1025 2416 Lambinus
1034 2365 1116 2421 edidit.

251 2431 766 2553 ttslr‘'li2tttllrit⁰l‘reti¹lf
787 2430 1118 2545 blrr'bl‘lrltl·

365 2527 373 2549 ἲ
764 2531 773 2546 ο
921 2527 928 2546 r
1110 2514 1120 2528 ¹

251 2557 394 2623 wastinae,
411 2556 577 2615 rescribamus,
592 2561 631 2606 illi
641 2512 666 2607 ἐξ
680 2564 755 2607 harant
765 2560 859 2620 sermone
870 2559 934 2618 surdi
948 2573 1029 2606 ornnes.
1062 2556 1121 2617 Qil

252 2624 322 2667 notin
333 2623 362 2666 iis
372 2621 451 2688 linguis
457 2652 465 2676 ‚
474 2637 528 2684 qaas
537 2639 577 2669 nan
584 2614 737 2687 intelligimus,
750 2639 796 2687 qna
802 2621 853 2681 sant
864 2622 1049 2668 innumerabiles?
1061 2620 1120 2683 sardi

249 2682 432 2746 pafeiitsttmtts.
448 2681 529 2735 Darii

286 2761 321 2802 51·
339 2749 457 2795 Theodorus
469 2747 590 2807 ryfimaato
601 2749 659 2807 ire]
686 2751 738 2796 Hac
759 2745 826 2797 dere
841 2743 873 2795 fia
888 2749 976 2795 Seneca
992 2743 1025 2796 de
1035 2752 1120 2807 Tranq.

254 2822 350 2874 cap.14.
367 2812 494 2858 Minabatur
504 2813 608 2860 Theodora
625 2812 744 2875 philosopha
759 2816 870 2870 [tranunt
885 2823 974 2855 martem
984 2833 1016 2842 -
1033 2810 1120 2863 Habet,

255 2875 344 2934 inquit,
359 2890 397 2920 eur
406 2875 447 2920 tibi
453 2877 551 2936 placeam
566 2878 650 2922 hemina
660 2876 773 2936 sanguinis
791 2893 813 2920 m
826 2887 865 2920 tua
876 2871 975 2935 petitiate
989 2872 1028 2932 est.
1056 2870 1124 2921 Vale·

254 2936 301 2985 rius
313 2949 392 2985 autem
405 2938 526 2985 Maximus
537 2936 619 2989 libri.
637 2951 688 3003 cap.
697 2952 759 3000 inq.
777 2950 868 2987 extetn.
889 2935 1010 2984 Theodorus
1023 2943 1124 2995 cyrenas

254 2999 376 3058 Lystmacbo
386 3004 442 3062 Regi
451 3014 539 3049 martem
545 3003 588 3061 stit
601 3004 716 3048 minitanti
726 3017 734 3046 .·
754 3004 890 3056 Enimvero,
905 3001 997 3060 inquit,
1013 2996 1124 3060 magnifica

255 3078 289 3109 res
303 3066 342 3107 tibi
351 3067 449 3124 contigit,
465 3068 516 3127 qaia
526 3065 658 3112 cantharidis
667 3068 717 3112 vim
731 3063 832 3123 afficeras
847 3079 875 3111 et.
908 3062 994 3109 Pariter
1003 3059 1124 3125 respondit

255 3123 369 3235 ἲὲιάίιικ
377 3128 514 3190 Diogenes,
530 3127 563 3176 uti
574 3125 671 3191 quidem
686 3124 758 3175 tradit
772 3127 880 3195 Lase'rtius
890 3124 931 3174 lib.
942 3139 981 3174 vr.
1004 3140 1060 3190 pag.
1077 3132 1124 3183 rat.

254 3194 269 3234 1
294 3206 324 3238 m.

296 3267 332 3305 52-
348 3256 376 3299 lb
389 3265 429 3300 aaa
449 3257 473 3301 id
483 3255 569 3318 quidem
582 3252 680 3319 potestate
693 3252 741 3314 esd]
766 3250 889 3300 revocavi
906 3249 1009 3308 (curritis
1029 3245 1126 3312 vulgati

261 3310 348 3372 hacce,
362 3320 386 3363 in
397 3331 435 3366 tua
445 3321 488 3375 id,
504 3321 593 3381 inquit,
606 3317 690 3380 potati.)
712 3316 840 3366 lectionem
851 3315 948 3363 Viiiorii
959 3315 1017 3362 Pall.
1029 3329 1064 3376 pr.
1078 3324 1127 3360 retr.

255 3389 337 3498 juant.
350 3380 425 3440 quint.
439 3381 623 3434 variamine.
639 3380 737 3431 Palatio.
749 3378 841 3429 secund.
859 3379 882 3425 tt
891 3382 915 3426 in
924 3392 963 3426 raa
973 3379 1063 3443 quidem
1070 3390 1126 3439 pora·

278 3438 355 3501 uuest.
373 3442 494 3495 Gebhard.

1019 3530 1056 3573 53·
1074 3520 1124 3564 Μ
