2318 3914
202 128 286 211 2548
327 108 339 127 '
404 124 467 190 Dn
489 125 576 191 Fra.
598 124 701 191 Bou.
720 142 773 191 ιιι
793 120 915 191 Man.

205 231 304 309 inquit.
341 230 436 293 Etiam
450 232 657 292 beatiffimum?
675 242 706 288 74
713 232 826 309 Quippe
842 275 851 302 ,
871 228 1004 307 inquiet,
1025 226 1088 289 citur

204 319 263 367 tam
277 309 424 369 docuerim
440 353 449 379 ,
468 310 566 387 gradus
586 309 664 369 istam
686 327 746 369 rem
766 326 825 368 non
858 307 968 367 habete
1000 304 1089 385 quim

203 388 356 457 virtutem,
375 388 404 447 in
422 406 476 464 qua
490 387 522 446 fit
536 388 622 447 etiam
641 386 731 465 ipsum
744 386 866 445 beatum.

160 470 196 549 85
246 464 313 523 Tibi
328 464 385 523 hoc
402 464 578 534 incredibile,
597 466 661 541 quia
676 462 871 523 beatissimum.
908 460 982 539 quid
990 457 1088 521 tuum?

206 540 357 599 credibile?
377 540 395 599 fi
411 542 488 599 enim
502 540 538 599 ad
552 540 690 616 populum
703 556 751 599 me
772 557 857 601 vocas
873 558 881 597 t
901 555 999 608 euna,
1027 536 1091 613 quia

206 618 245 676 ita
260 617 434 687 massuetus,
453 618 567 676 beatum
581 634 738 694 numquam
751 617 887 693 probabis.
925 614 948 673 ti
970 614 1010 674 ad
1028 630 1092 701 pru·

208 694 320 753 dentes:
341 694 457 753 alterum
479 690 590 753 fortasse
612 694 799 764 dubitabunt,
831 693 901 752 fitne
921 703 1040 750 tantum
1062 706 1089 748 ιιι
1129 747 1131 754 ,

207 772 335 840 virtute,
355 781 386 829 ut
406 790 438 830 ea
458 770 589 845 praediti,
621 772 667 829 vel
695 774 724 830 in
744 770 891 831 Phalaridis
910 780 998 827 tauro
1021 764 1091 825 beati

208 847 276 906 lint:
297 847 412 907 alterum
427 866 488 907 non
509 847 694 917 dubitabunt,
720 849 788 925 quin
809 850 840 906 ὃ(
863 844 954 905 Stoici
982 858 1089 903 conte·

208 925 313 983 aientia
334 918 380 982 sabi
402 926 519 993 dicant,
547 926 578 983 dc
596 944 649 984 vos
671 926 858 1001 repugnantia.
897 916 1088 995 Theophrasti

208 1001 308 1075 igitur,
329 1002 434 1077 inquit,
456 1002 505 1059 tibi
518 1001 587 1061 liber
600 1002 645 1060 ille
664 1002 754 1077 placet
776 1002 811 1059 de
832 1000 912 1058 beata
927 994 1013 1056 vita?
1033 994 1088 1054 Ta·

115 1142 121 1156 ¹
209 1094 279 1135 men
293 1078 447 1136 aher-ramus
462 1079 478 1135 a
494 1078 660 1152 proposito:
682 1080 712 1135 dc
729 1121 737 1147 ‚
756 1096 793 1137 ne
807 1074 916 1153 longius
933 1096 944 1143 ς
965 1071 1088 1149 prorsus,

210 1153 343 1227 inquam,
366 1154 440 1221 l’iso,
460 1153 541 1211 fiilia
556 1156 628 1215 mala
642 1153 719 1223 sunt,
738 1155 839 1229 placet:

166 1251 202 1311 35
251 1231 356 1287 Nonne
371 1231 511 1306 igiturtibi
527 1232 672 1300 videntur,
691 1232 797 1307 inquit,
818 1229 890 1289 mala
908 1226 923 1287 ἒ
944 1227 978 1287 ld
991 1238 1089 1303 oquae·

92 1331 187 1393 quatis,
212 1306 281 1365 res?
301 1309 414 1383 inquam
433 1328 439 1366 :
460 1308 489 1366 in
509 1326 568 1385 quo
587 1353 596 1379 ,
616 1322 709 1368 utrum
733 1306 904 1383 respondebo
920 1347 931 1375 ,
950 1302 1044 1363 verses
1062 1318 1088 1361 te

60 1409 159 1457 mquam
213 1386 269 1443 huc
296 1400 378 1459 atque
399 1385 463 1443 illuc
478 1383 645 1444 necelieeil.
685 1388 755 1461 Quo
769 1383 884 1443 tandem
906 1380 1002 1441 modo
1021 1420 1031 1449 ,
1049 1381 1089 1438 in·

63 1460 139 1505 Lami·
215 1460 296 1538 quit?
317 1460 614 1536 Qniafimalasunt,
641 1462 687 1530 is,
714 1460 763 1537 qui
785 1462 836 1519 crit
856 1461 885 1518 in
904 1456 1088 1527 his,beotut

62 1523 190 1586 ΜΝ·
217 1556 274 1597 non
292 1540 350 1595 erit.
369 1537 474 1595 srmala
490 1555 549 1597 non
562 1538 624 1596 sunt
638 1581 647 1607 ,
663 1539 739 1613 jacet
752 1536 845 1597 onmis
866 1537 939 1595 ratio
952 1535 1089 1610 Peripate-

122 1610 129 1621 '
215 1616 344 1673 cicerum.
383 1614 420 1671 Et
433 1614 476 1671 ille
491 1614 598 1683 ridens,
618 1614 729 1683 Video,
748 1614 855 1689 inquit,
874 1612 944 1690 quid
963 1628 1039 1689 agas.
1054 1626 1090 1667 ne

216 1690 376 1764 discipulum
404 1691 537 1750 abducam
565 1695 654 1751 times.
693 1692 743 1751 Tu
756 1709 850 1760 vero,
870 1692 1016 1765 inquam,
1042 1686 1090 1773 du·

217 1784 263 1826 cas
275 1766 356 1835 licet,
373 1764 391 1823 fi
407 1766 539 1842 sequatur.
561 1770 611 1827 crit
624 1770 699 1828 enim
714 1784 847 1838 mecum,
866 1765 1001 1825 fitecum
1017 1772 1075 1823 ent.

252 1844 354 1901 XXlX.
376 1844 481 1901 Auni
502 1845 599 1919 igitur,
620 1846 727 1922 inquit,
747 1844 828 1903 Luci.
847 1854 984 1901 75tecum
1001 1840 1092 1909 enim,

213 1932 245 1980 ut
263 1924 302 1979 ait
315 1920 538 1994 Theophrastus,
552 1922 623 1980 mihi
635 1920 798 1981 instituenda
814 1920 904 1979 oratio
920 1918 968 1978 est.
990 1916 1091 1977 Omnis

215 1997 361 2057 austoritas
373 1996 554 2073 philosophiae
570 1997 689 2057 confistit
710 1998 738 2057 in
760 1998 837 2055 beata
854 1997 910 2054 vita
924 2012 995 2054 com
1017 2010 1093 2053 aran·

216 2076 260 2133 da.
279 2074 358 2133 beate
375 2075 451 2132 enim
468 2074 580 2133 vivendi
593 2075 741 2151 cupiditate
755 2071 858 2133 incensi
872 2090 976 2130 omnes
990 2013 1092 2129 iiamm

170 2152 203 2225 87
217 2152 286 2209 Hoc
301 2150 369 2208 mihi
385 2167 450 2209 curn
464 2162 515 2208 tuo
529 2151 610 2209 fratre
626 2152 767 2210 convenit.
776 2167 860 2226 quare
873 2147 1095 2209 hoccidendum

219 2228 272 2295 est,
292 2226 409 2301 pollrtne
424 2226 502 2283 nobis
516 2225 572 2283 hoc
586 2230 655 2286 ratio
669 2226 896 2303 philosophorum
912 2226 990 2285 dare.
1016 2222 1096 2299 polli-

217 2316 294 2362 cetur
317 2300 399 2359 certe.
438 2300 488 2359 nist
501 2302 576 2361 enim
597 2303 625 2362 id
639 2307 760 2374 faceret,
779 2320 828 2360 cur
839 2302 918 2360 Plato
932 2300 1096 2378 AEgypturu

238 2378 386 2453 eragravit,
406 2376 467 2435 uta
490 2376 671 2438 sacerdotibus
693 2380 809 2438 barbaris
831 2396 967 2437 numeros
988 2381 1021 2437 δι
1042 2394 1097 2436 cae-

216 2398 290 2514 iiestia
305 2453 462 2527 acciperet?
482 2472 531 2513 cur
544 2453 603 2530 phil
617 2456 775 2515 Tarentum
788 2454 823 2514 ad
838 2455 1000 2531 Archytam
1017 2453 1030 2512 ἔ
1050 2470 1097 2513 cur

221 2531 257 2589 ad
271 2543 379 2590 ceteros
392 2531 599 2609 Pythagoreos,
618 2532 800 2594 Echecratem
809 2574 819 2604 ,
839 2532 992 2593 Timaeum
1002 2530 1051 2605 ,⁷⁶
1058 2532 1099 2589 A

1029 2626 1101 2667 crro·

252 2792 290 2838 74·
306 2779 404 2843 Quippe,
420 2781 516 2853 inquiet,
532 2779 589 2837 dn]
604 2783 660 2829 Sunt
673 2779 726 2829 edd.
739 2779 814 2841 quad.
828 2779 852 2829 in
864 2778 949 2843 quibua
960 2778 1014 2829 haee
1025 2778 1097 2831 &ie-

221 2841 319 2903 quentia
329 2842 411 2906 paullo
421 2843 488 2891 aliter
500 2844 620 2907 leguntur,
635 2843 682 2892 hoc
693 2845 780 2899 modo,
797 2846 922 2910 Qippeni,
938 2847 1042 2907 inquiet,
1052 2860 1098 2891 um

221 2918 268 2951 tam
281 2907 389 2953 donanim
399 2909 480 2967 gradus
490 2906 553 2965 istaut
563 2922 607 2951 rem
618 2923 658 2954 non
667 2908 740 2955 habere
749 2924 817 2972 quam
830 2912 956 2960 virtutem,
973 2913 1000 2955 in
1015 2924 1061 2973 qu
1070 2906 1100 2966 fit

221 2971 288 3014 etiam
299 2971 365 3030 ipsum
376 2971 477 3017 beatum?
511 2967 621 3032 Verburg.

254 3045 292 3086 75.
311 3037 386 3079 Tecum
395 3038 466 3087 enim,
481 3045 505 3078 ue
516 3036 549 3078 ait
560 3032 708 3094 Theophrastus
719 3066 727 3089 ,
742 3037 799 3081 mihi
809 3032 940 3090 instituenda
950 3032 1098 3103 &QQuis

223 3106 274 3139 ιιοιι
285 3093 347 3141 videt
359 3129 366 3150 ,
383 3095 506 3143 verborum
517 3093 625 3142 ordinem
636 3095 676 3144 hic
687 3092 733 3144 elle
744 3097 904 3159 perturbatum
917 3096 1097 3161 if'Qromodo

223 3156 289 3202 enitar
300 3159 376 3217 potuit
388 3157 575 3221 Theophrastus,
589 3158 629 3219 qui
642 3159 723 3207 multis
734 3161 821 3215 annis,
837 3171 910 3220 atque
918 3148 985 3209 ideo
1002 3159 1098 3219 seculis,

224 3231 280 3264 arrae
296 3220 392 3267 Lucium
407 3223 549 3270 Ciceronem
560 3233 628 3268 iratus
640 3221 687 3278 eli,
703 3220 732 3269 dc
743 3237 773 3271 eo
785 3223 887 3287 cagitare
897 3236 937 3271 aut
952 3224 1025 3287 loqui
1038 3230 1048 3275 ἓ
1064 3228 1098 3275 Sic

221 3280 292 3341 igitur
304 3278 394 3330 videtur
404 3282 545 3345 legendum:
563 3289 639 3330 Tecum
649 3302 717 3344 enam,
737 3289 804 3343 Luci,
819 3288 876 3332 mihi
885 3286 1020 3344 instituenda
1032 3294 1098 3337 orario

222 3341 259 3401 est.
291 3346 367 3390 Otnnis
384 3350 500 3393 areiloritas
514 3348 664 3411 philosophia,
679 3361 704 3395 ut
723 3353 756 3396 ait
770 3348 940 3413 Theophrastus,
960 3352 1056 3413 confistit
1077 3356 1099 3399 in

221 3405 282 3450 beata
292 3409 342 3452 vita
354 3412 500 3469 comparanda.
518 3411 563 3463 (rc.
597 3410 707 3459 Lambin.

253 3477 292 3529 76.
308 3476 429 3521 „Actionem
440 3478 536 3532 aaron]
565 3472 671 3539 Quidam
685 3479 794 3534 aurnum
805 3484 945 3540 reponant,
961 3474 1003 3527 sed
1019 3477 1097 3547 male:
