2318 3914
249 111 331 193 2'872
401 110 1011 180 TuscumD-rsaurarrouuar

189 233 243 295 109
291 218 354 298 Qui
368 222 445 281 enim
458 222 566 281 beatior
579 220 731 296 Epicurus,
751 219 828 301 qubd
842 223 874 281 in
892 224 984 296 patria
996 225 1112 301 vivebat,

249 296 337 375 quam
350 297 431 376 qubd
445 298 563 357 Athenis
576 296 757 387 Metrpdorus
774 296 786 354 l
805 300 968 359 Ι10111010
982 302 1114 365 Xenocra

98 379 306 441 emembrem
320 374 465 446 vincebat,
485 384 550 433 taut
562 374 681 434 Polemo
696 374 848 435 Arcesilam
864 418 873 445 ,
899 394 962 454 quo
975 377 1046 438 essct
1063 378 1114 441 b'ea-

100 443 175 494 WS·
249 450 326 525 tior?
345 454 453 529 Quanti
467 452 537 511 verb
554 452 636 510 tauta
650 451 745 510 civitas
759 451 920 511 aestimanda
936 454 973 513 eil
992 497 1002 525 ,
1025 475 1115 534 etqua

247 522 317 589 boni
343 529 533 607 sapientesque
545 525 705 605 pelluntur?
724 527 892 610 Demaratus
911 531 1032 606 quidem
1056 534 1115 593 Tar·

248 607 355 741 puinii,
374 607 442 683 regis
456 605 558 675 nostri,
596 617 678 674 ater,
703 617 856 681 tyrannum
878 606 1034 683 Cypselum
1049 610 1115 687 qubd

262 701 320 741 erre
334 702 394 743 non
414 695 545 758 poterat,
599 683 639 757 git
659 681 831 757 Tarquinios
851 682 997 743 Corintho
1015 728 1024 756 ,
1043 688 1115 747 &riri

128 754 155 806 1·
181 756 208 805 Β·
250 758 308 819 suas
331 762 454 819 fortunas
476 758 616 819 constituit
654 774 688 817 ac
716 758 816 816 liberos
836 763 1007 833 procreavit.
1047 765 1114 823 Num

248 834 328 895 stulte
339 851 404 895 ante
424 835 494 895 osuit
507 835 593 895 exsilii
605 834 759 893 libertatem
772 834 937 895 domesticae
951 836 1093 899 servituti?

182 932 237 975 110
286 854 450 974 musti.
469 912 540 985 Jan
560 909 662 971 111110
684 925 779 970 motus
792 913 880 971 animi
897 954 907 982 ,
926 913 1117 977 sollicitudines

247 990 479 1067 aegritudinesque
491 988 632 1048 oblivione
645 987 784 1047 leniuntur
799 1030 808 1057 ‚
827 988 960 1049 traductis
975 995 1075 1054 animis
1087 995 1117 1054 ad

245 1067 429 1143 voluptatem.
469 1068 538 1126 Non
553 1064 610 1123 srne
630 1063 709 1123 causa
728 1065 810 1138 igitur
828 1065 967 1141 Epicurus
990 1069 1066 1128 aulus
1084 1071 1118 1130 eit

246 1142 355 1213 dicere,
373 1143 481 1218 semper
496 1145 526 1202 iu
541 1140 663 1217 pluribus
681 1141 762 1199 bonis
783 1138 839 1215 effe
857 1141 1015 1216 sapientem
1032 1188 1041 1216 ‚
1058 1150 1117 1222 quia

247 1219 356 1296 semper
376 1221 408 1280 fit
429 1222 459 1278 in
479 1217 672 1293 voluptatibus.
709 1217 753 1274 Ex
778 1226 839 1293 quo
859 1219 934 1278 cilici
958 1234 1041 1296 putat
1061 1225 1117 1294 illc,

267 1298 324 1355 uod
359 1299 505 1366 uaerimus,
524 1308 556 1355 ur
568 1293 671 1369 sapiens
683 1292 790 1368 semper
804 1295 899 1354 beatus
913 1294 956 1354 stt.
984 1301 1117 1371 etiamne,

184 1314 266 1433 1112
286 1316 404 1435 sensibus
425 1374 527 1432 carebit
546 1369 712 1441 oculorum,
731 1368 898 1458 staurium?
925 1372 1033 1434 Etiam.
1058 1395 1117 1437 nam

245 1446 294 1507 ista
308 1448 363 1526 ipsa
377 1450 542 1510 contemnit.
560 1445 684 1507 Primitm
700 1462 777 1507 emm
795 1489 804 1517 ,
823 1448 960 1519 horribilis
976 1450 1026 1511 ista
1041 1456 1118 1513 caeci·

246 1536 288 1585 tas
300 1527 399 1603 quibus
412 1528 525 1586 tandem
539 1536 615 1583 caret
621 1520 899 1599 voluptatibus?chm
908 1526 1030 1602 quidem
1040 1532 1117 1591 etiam

245 1600 401 1677 disputent,
418 1614 522 1663 ceteras
543 1602 700 1675 voluptates
719 1601 749 1659 irr
763 1599 825 1675 iplis
847 1602 973 1664 habitare
986 1605 1117 1667 sensibus:

246 1694 312 1755 quae
331 1692 426 1737 autem
448 1676 576 1754 adspectu
597 1677 805 1753 percipiantur,
822 1694 857 1736 ea
885 1696 947 1738 non
968 1683 1070 1742 versari
1094 1685 1118 1743 in

96 1772 113 1809 1
126 1757 238 1810 olefacta·
247 1754 396 1813 oculorum
413 1755 467 1815 ulla
479 1753 669 1832 jucunditate:
689 1766 721 1811 ut
737 1770 787 1823 ea,
806 1770 872 1831 quae
886 1756 1048 1830 gustemus,
1062 1761 1118 1820 'ol-

96 1837 150 1871 mus
162 1825 214 1872 MS·
247 1830 397 1902 suciamus,
418 1832 606 1899 ¹trastemus,
625 1829 785 1899 audiamus,
803 1830 834 1890 in
848 1849 881 1890 ea
892 1832 948 1907 ipsa
965 1877 975 1904 ‚
995 1835 1046 1895 ubi
1065 1835 1118 1896 sm.

96 1898 114 1932 ¹
131 1885 211 1948 ΡΨ·
248 1908 356 1978 timus,
383 1918 460 1984 parte
476 1908 634 1974 versentur,
653 1907 682 1964 in
697 1904 784 1965 oculis
797 1907 852 1967 tale
864 1907 934 1967 nihil
946 1909 989 1971 fit.
1016 1912 1117 1974 animus

97 1952 209 2001 'mm'
247 1985 347 2060 accipit
380 2002 426 2044 uae
440 1984 576 2044 videmus.
601 1984 710 2041 Animo
723 1996 817 2041 aurern
832 1982 925 2043 multis
948 1988 1045 2048 modis
1077 2009 1118 2049 va·

246 2060 347 2137 riisque
357 2002 490 2121 selectam
502 2062 568 2120 licet
577 2061 676 2127 ,etiam
690 2058 710 2117 fi
724 2078 784 2119 non
797 2059 959 2120 adhibeatur
970 2064 1117 2141 adspectus.

243 2136 367 2215 Loquor
380 2140 458 2197 enim
474 2138 509 2196 de
523 2136 609 2196 docio
622 2137 741 2194 homine
769 2137 799 2194 &
813 2136 941 2207 erudito,
962 2142 1010 2199 cui
1027 2145 1114 2203 vivere

247 2213 302 2283 cli,
323 2216 453 2290 cogitare.
480 2214 604 2288 sapientis
623 2225 718 2293 autent
741 2213 873 2287 cogitatio
894 2232 955 2274 non
974 2218 1067 2278 fermd
1084 2220 1114 2280 ad

246 2290 466 2367 investigandum
478 2290 590 2349 adhibet
606 2288 703 2347 oculos
718 2288 878 2348 advocatos.

184 2399 236 2443 ,η
282 2367 396 2426 Etenim
417 2368 437 2427 fi
459 2384 517 2426 11011
538 2383 597 2425 11011
617 2364 715 2423 adimit
738 2365 825 2424 vitam
839 2366 974 2438 beatam,
995 2388 1047 2430 cur
1065 2372 1115 2433 dict

242 2444 324 2505 noer
339 2442 430 2503 similis
443 2440 567 2502 adimat?
586 2459 652 2500 narn
667 2440 734 2500 illud
753 2442 891 2517 Antipatri
911 2445 1064 2520 Cyrenaici
1082 2450 1114 2509 est

245 2521 359 2596 quidem
374 2520 465 2599 paullo
479 2518 648 2588 obscaenius,
666 2516 712 2576 sed
726 2535 785 2576 11011
799 2516 909 2577 absurda
921 2520 1112 2585 sententiaeb:

245 2598 324 2669 cujus
338 2599 494 2655 caecitatem
508 2593 573 2653 cirm
589 2593 759 2652 mulierculae
779 2594 1023 2669 lamentarentur,
1044 2603 1115 2679 Quid

243 2688 260 2729 a
281 2672 349 2730 iis?
369 2674 474 2749 inquit:
494 2689 529 2731 an
542 2671 622 2729 robis
634 2671 707 2729 ntrlla
720 2669 831 2729 videtur
847 2671 974 2749 voluptas
997 2675 1053 2738 eise
1067 2698 1116 2739 no-

294 2749 370 2808 ma?
391 2751 515 2824 Appium
536 2747 650 2824 quidem
672 2759 797 2804 veterem
818 2747 921 2818 illum,
949 2753 1000 2827 qui
1030 2772 1115 2817 caecns

247 2840 336 2884 annos
351 2826 452 2884 multos
468 2826 538 2893 suit,
559 2825 588 2881 &
602 2840 637 2882 cr
653 2822 848 2897 magistratibus
874 2826 904 2882 bt
925 2843 961 2884 ex
975 2829 1057 2891 rebus
1070 2850 1114 2909 ge·

180 2951 185 2960 .
246 2900 289 2960 stis
302 2902 477 2978 intelligimus
492 2944 502 2969 ,
520 2903 549 2961 in
563 2901 611 2959 illo
628 2900 676 2957 suo
699 2899 761 2957 casu
780 2918 834 2958 nec
853 2901 960 2974 privato
988 2923 1045 2965 nec
1069 2926 1117 2986 pu·

94 2950 317 3056 ‚fffssfgjff'bhco
334 2981 443 3039 muneri
454 2975 578 3036 defuisse.
614 2978 650 3034 G.
668 2975 770 3062 tDrufi
790 2976 909 3035 domum
928 2984 1068 3056 compleri
1085 2987 1117 3046 ²d

110 3076 135 3122 1»,
146 3045 222 3125 cer,
246 3055 444 3117 consultoribus
458 3056 564 3114 solitam
580 3071 736 3129 accepimus
746 3074 751 3111 :
761 3051 825 3131 cum
836 3072 975 3131 ,quorum
991 3058 1116 3134 recesset,

95 3133 139 3185 ab
155 3135 208 3195 dent
1073 3139 1116 3200 sua

93 3200 118 3247 r'tr
129 3199 182 3248 MS.

95 2895 111 2946 y
126 2884 216 2931 variant

277 3275 313 3316 ³9·
332 3263 375 3317 Ma
389 3267 489 3320 civitat]
502 3260 604 3322 Quidam
617 3264 724 3310 Romam
735 3265 883 3332 intelligunt,
897 3278 945 3330 ego
958 3266 1083 3327 athenam
1095 3270 1117 3319 in

246 3336 293 3384 qua
309 3325 364 3373 urbe
384 3332 491 3376 socrates
512 3326 644 3373 damnatus.
678 3328 817 3378 Aristoteles
834 3345 864 3378 ne
874 3328 1027 3381 damnaretur
1042 3332 1115 3393 fugit:

244 3386 435 3445 Themistocles,
454 3386 582 3443 aristides,
600 3387 733 3437 alcibiades
746 3392 832 3453 aliique
847 3392 980 3453 complures
997 3395 1116 3447 clarissimi

244 3448 335 3517 expulsi
345 3449 411 3503 suut:
428 3455 453 3504 iu
467 3466 513 3516 qua
523 3451 618 3501 ciuitate
628 3452 740 3518 oppreffit
751 3454 952 3507 rinutesiuridia.
973 3460 1107 3571 ranaldi

427 3538 430 3543 ’
483 3530 486 3537 ·
1032 3537 1073 3582 40.
1106 3532 1116 3570 t
