2318 3914
248 116 437 214 L'rnen
479 150 789 233 Quantus.
859 169 943 237 2323

48 230 234 349 {igiagnitudo
254 255 320 332 (ipse
342 255 418 315 enim
440 254 487 313 hic
509 253 626 313 radiatus
646 272 693 313 me
706 254 942 333 intuerividetut)

48 350 57 391 ι
70 331 221 400 admonet,
241 344 272 390 ut
285 331 380 392 crebri)
395 333 495 390 faciam
511 332 684 391 mentionem
699 330 746 389 sui.
765 340 796 381 ⁷0
802 330 863 391 Vos
870 352 940 410 ergo

48 453 57 497 ἱ
69 405 149 482 hujus
164 409 384 483 magnitudinem
399 420 426 462 7¹
437 405 513 484 quasi
526 408 696 491 decempeda
716 407 793 481 (hinc
805 410 881 467 enim
891 427 939 469 me

50 538 56 542 .
861 485 938 563 quaii

48 575 55 604 Ι

48 645 133 706 tstrdm
138 649 183 707 stt,
199 651 278 697 leviter
288 660 314 696 tet
328 649 412 702 dicam,
422 649 577 697 verecundiore
595 651 634 693 Vct
644 659 698 697 etun
708 644 949 702 dicit,ioiidoniuru.

48 736 51 769 ς
65 723 95 759 ex
106 713 219 760 omnibus
229 713 313 760 Stoicis
324 726 382 774 puto
394 710 517 775 iignificari
528 711 652 766 maxime,
668 713 708 773 qui
720 713 745 760 δι
759 708 864 759 summus
879 716 937 761 Ma·

63 772 209 825 thematieus
220 774 265 822 fuit
273 808 285 841 7
297 777 321 823 dc
333 774 363 821 de
375 774 436 822 iliius
447 778 472 823 ἃ
483 772 644 823 Eratosthenii
654 771 767 821 mensuris
777 771 832 821 sotis
840 777 938 824 Macro-

48 860 50 867 =
62 832 115 885 hius
126 839 153 886 in
166 839 290 885 Somnium
301 840 335 885 Sci
354 836 413 885 ionis
424 835 499 886 scribit
512 837 725 896 haecaEratastiaenet
736 840 760 883 ite
770 838 833 883 h‘drr'e
843 842 937 884 Denta·

53 899 147 955 stentem
158 901 191 958 fic
205 903 245 947 ait.
279 854 380 961 Mensrira
394 912 452 948 terre
463 932 471 956 ,
482 900 557 962 septies
572 903 598 951 du·
614 903 681 946 vities
696 901 841 959 multiplicata
854 934 862 955 ‚
877 916 939 947 men·

52 962 139 1020 suram
152 965 208 1022 falic
224 962 293 1023 efficit.
308 960 463 1011 -Poiidoniue
478 962 534 1012 dicit
551 963 629 1011 multo
644 962 769 1024 multoque
785 960 864 1026 saepius
880 960 938 1013 soiia

58 1020 169 1088 spatium
179 1023 277 1074 efficere.
309 1027 452 1082 iamtoxer
468 1042 485 1074 o
501 1026 552 1089 post
564 1028 664 1089 longam
691 1023 832 1073 arenthefim
848 1026 887 1073 hic
901 1027 936 1077 est
963 1036 968 1041 '

56 1086 267 1136 commodiffime.
301 1087 386 1137 deinde
396 1041 468 1163 quadrg
471 1087 630 1153 decempeda,
646 1040 690 1136 erg
698 1084 801 1152 praecise,
819 1103 869 1137 non
880 1090 937 1139 ideo

57 1160 148 1198 tamen
160 1152 237 1199 minus
247 1151 377 1201 commode
390 1152 481 1201 dicitur.
514 1151 603 1201 dicatur
614 1152 704 1214 plenius
716 1149 825 1213 equidem
838 1185 845 1206 ,
860 1150 877 1200 ii
888 1150 936 1202 stne

56 1212 107 1261 iiia
119 1212 201 1261 addita
208 1217 308 1276 permcafi
317 1215 423 1272 refertis,
439 1214 478 1262 ied
496 1232 539 1264 nec
554 1228 686 1279 pronomen
701 1213 748 1260 hoc
763 1214 935 1265 iliieudditum

54 1274 120 1323 ferri
132 1277 174 1324 hie
184 1276 273 1339 potest,
290 1280 314 1326 cc
328 1278 369 1325 iiia
378 1277 427 1325 duo
436 1277 491 1326 ferri
507 1279 597 1340 aiioqni
613 1292 638 1326 ut
656 1275 742 1340 poffint
757 1289 825 1324 certe
836 1277 863 1326 in
876 1278 936 1328 ioco
1011 1308 1018 1321 ·

59 1337 149 1387 addita
159 1355 210 1387 nou
221 1338 280 1389 suut.
312 1346 377 1389 Tum
388 1342 566 1405 particulatam
579 1340 630 1405 post
642 1353 789 1402 pronomen,
805 1339 860 1393 huic
870 1340 936 1391 effit-

57 1403 171 1459 mantis,
188 1401 323 1451 adverbium
335 1403 382 1460 est,
398 1416 424 1453 ut
434 1405 460 1452 in
472 1405 554 1453 multis
562 1404 678 1466 exemplis
687 1417 740 1451 eam
758 1403 807 1451 tim
821 1405 871 1461 ejus
881 1402 938 1463 effe,

59 1477 135 1513 anteat
145 1462 333 1515 demonstratum
344 1465 385 1516 eii.
419 1464 540 1517 Postremi)
551 1467 630 1522 addit,
645 1464 667 1513 se
678 1465 742 1528 quaii
754 1466 844 1514 maium
860 1468 938 1517 archi·

58 1527 155 1575 tedium
165 1529 186 1576 ei
197 1527 308 1577 mensure
320 1545 370 1577 non
381 1528 481 1578 credere.
511 1534 648 1580 architeeium
664 1526 719 1576 dicit
731 1562 739 1589 ‚
755 1540 780 1575 ut
791 1528 882 1578 dixerat
896 1532 936 1578 de-

58 1592 174 1657 cempeda,
189 1605 236 1655 qua
246 1592 352 1641 meniura
363 1592 484 1642 architecti
494 1593 597 1642 multum
608 1591 709 1640 solerent
719 1590 761 1641 uti.
778 1586 876 1641 iuerat,
888 1608 934 1655 pro

61 1652 162 1702 Milone
173 1656 295 1713 coniunxit
308 1672 315 1703 ι
331 1656 382 1720 Qui
387 1688 395 1711 ,
410 1656 488 1717 inquit
499 1688 507 1714 ,
520 1674 568 1703 eum
577 1655 696 1703 archr'tediis
711 1656 737 1706 da·
747 1656 875 1717 decempedis
884 1660 933 1703 aii-

61 1715 225 1764 lasmtilemm
234 1722 345 1782 hortosque
352 1720 484 1781 peragrabat.
516 1722 604 1767 Malm
615 1732 672 1767 vero
685 1716 756 1776 dicit,
772 1729 797 1765 ut
813 1714 869 1765 aiibi
883 1734 933 1765 m·

60 1779 112 1825 lum
122 1788 221 1842 pedem,
236 1793 261 1828 ut
273 1785 391 1829 Hometus
402 1781 471 1834 aaade
488 1782 573 1844 ἦνιόχκς
590 1816 597 1837 ,
618 1780 643 1829 id
655 1778 705 1836 est,
722 1781 841 1840 αἰίχιιιι,
856 1783 931 1829 ae‘tewe

61 1843 182 1898 teactae,
209 1857 234 1891 ut
245 1858 328 1893 contra
339 1845 402 1890 bonas
408 1844 535 1905 gubernator
545 1842 610 1908 supra
623 1842 698 1891 ditius
713 1841 746 1898 est
764 1842 788 1889 in
799 1840 845 1890 ho'c
856 1840 933 1902 libro,

57 1904 230 1964 &serarianas
241 1906 270 1954 ab
281 1907 390 1954 Horatio.
408 1906 428 1953 ie
438 1919 478 1954 cur
489 1907 561 1954 etiam
572 1905 637 1963 rapit
651 1903 741 1955 dicatur
751 1916 765 1951 a
776 1906 877 1960 Grecis,
889 1906 935 1955 do·
985 1918 988 1925 ·

59 1978 99 2015 eet
111 1966 249 2017 Aristoteles
260 1967 289 2016 ad
300 1970 476 2018 Nicomachum
494 1968 535 2018 lib.
548 1984 582 2017 vr.
604 1972 629 2016 &
651 1966 743 2016 dixerat
765 1968 832 2014 Plato
850 1968 936 2018 Thec-
962 1991 965 1999 ¹

59 2041 114 2078 teto
125 2028 183 2088 daap
195 2033 336 2089 inscienti&
350 2032 429 2080 'caueae
444 2033 484 2080 zai
501 2036 569 2085 caeci.
595 2036 677 2091 itaque
691 2033 773 2077 malum
782 2033 934 2090 archierean,

57 2090 86 2141 id
102 2091 137 2141 est
153 2094 307 2156 impetitum,
323 2093 346 2144 se
356 2093 428 2147 dicit,
444 2106 469 2141 ut
481 2096 586 2143 Socrates
598 2093 629 2142 de
639 2093 661 2142 se
672 2092 794 2143 detrahere
804 2091 933 2153 solitusest,

59 2166 88 2203 ut
98 2155 178 2203 minus
190 2157 276 2205 mirum
287 2156 333 2215 stt,
361 2156 380 2205 fi
393 2154 505 2205 mensuris
520 2171 546 2205 ae
561 2157 691 2206 rationibus
706 2152 822 2219 ejusmodi
838 2171 890 2205 nou
902 2156 931 2207 iit

60 2217 199 2271 crediturus.
235 2224 355 2269 &Manae

93 2294 132 2336 7ο.
151 2284 189 2327 Vos
201 2298 250 2330 vero
263 2287 326 2343 hujus
339 2283 527 2347 magnitudinem]
547 2283 628 2347 Magis
644 2280 721 2345 placet
737 2292 762 2329 ut
776 2278 810 2330 est
824 2281 850 2330 iu
865 2280 932 2333 libris

60 2341 244 2409 manuscriptis,
260 2362 298 2392 vat
314 2361 358 2406 erga
375 2350 420 2408 aiat
434 2363 470 2394 ma
483 2346 610 2396 aireda'nem.
632 2340 708 2394 ursin,
746 2348 786 2390 Vas
801 2358 849 2407 erga
868 2349 934 2405 bajas

59 2408 245 2468 magnitudinem,
259 2410 320 2470 quasi
329 2410 449 2472 decempeda
465 2362 544 2469 faiae]
573 2408 703 2475 Lambinus
716 2407 810 2470 arripuit
826 2406 932 2458 debilem

60 2471 224 2527 eonjediumm
235 2475 257 2519 Ρ.
271 2474 388 2528 Manutii;
404 2486 477 2532 quam
489 2471 652 2521 admirabilem
662 2469 773 2534 indigitat
784 2474 872 2522 Brutus.
889 2470 928 2520 sed

59 2532 130 2580 meio
152 2530 208 2581 sane
227 2532 356 2582 lectionem
374 2535 436 2587 haue
457 2535 603 2598 vulgatam,
628 2533 708 2584 nostri
729 2534 927 2596 interpundiione.

60 2595 156 2643 Mutavi
176 2594 328 2645 solummodo
349 2597 398 2644 veri
415 2599 441 2645 in
460 2613 520 2659 erga,
539 2598 672 2647 volentibus
693 2594 750 2645 i’all.
764 2597 799 2654 ,δι
824 2596 931 2647 editione

61 2657 206 2766 isidoriagta.
227 2659 293 2722 quod
303 2659 320 2708 ii
331 2661 423 2710 tollitur
438 2663 488 2719 hac,
499 2658 593 2710 tesuitat
608 2659 684 2711 sensus
694 2673 751 2707 meo
767 2658 850 2709 animo
863 2674 932 2723 egre·

87 2734 122 2769 ue.
179 2732 244 2771 mter.

61 2733 130 2839 8¹71.
146 2784 219 2842 Qafi
229 2786 348 2848 decempeda
359 2784 460 2847 permensi
470 2784 554 2843 refertis
563 2786 622 2843 dra]
641 2785 744 2833 Manutii
754 2784 914 2843 coujefluram
921 2820 929 2843 ,

59 2859 112 2909 que
123 2845 183 2895 mihi
194 2847 228 2894 ita
236 2861 297 2897 certe
307 2848 410 2903 videtur,
427 2860 451 2895 ut
461 2862 504 2910 pto
515 2863 568 2896 vera
580 2847 688 2912 scriptura
699 2881 706 2903 ,
723 2850 837 2909 corruptis
847 2863 929 2897 eretu-

58 2906 174 2972 pIaribum
191 2908 299 2959 habenda
308 2909 351 2968 iit,
366 2910 429 2973 sequi
441 2925 491 2957 non
503 2909 626 2966 dubitavi,
658 2911 720 2958 aucis
735 2909 874 2971 quibusdam
886 2926 928 2960 ex·

60 2984 88 3019 ee
116 2972 150 3027 is,
161 2972 186 3019 in
197 2973 281 3036 quihus
291 2973 320 3022 ab
331 2988 358 3021 ea
369 2988 419 3021 non
429 2974 461 3020 ita
477 2974 550 3037 longe
560 2925 662 3028 discetiip,

59 3035 82 3082 ιι·
102 3036 121 3083 il
141 3036 191 3084 fere
213 3050 293 3099 preter
315 3037 375 3085 ordo
399 3035 542 3084 immutetur.
585 3051 632 3098 ego
656 3048 737 3082 tamen
757 3037 858 3097 putarim
879 3036 928 3086 hee

58 3095 149 3153 verba,
164 3101 225 3160 quast
240 3102 305 3146 maiia
320 3100 458 3153 architectis,
479 3110 530 3160 quae
547 3096 598 3146 sunt
614 3100 639 3146 in
655 3098 765 3146 omnihus
779 3097 860 3155 libris,
876 3116 926 3149 non

58 3157 106 3208 eise
116 3161 253 3218 Ciceronis,
270 3161 309 3210 sed
318 3161 413 3209 aliunde
422 3162 447 3209 in
458 3174 599 3209 contextum
610 3161 724 3209 orationis
740 3161 807 3209 illata
819 3178 825 3208 ι
836 3176 879 3215 ,aut
896 3162 928 3211 iic

58 3221 203 3284 legendum,
217 3226 277 3286 quast
290 3227 347 3272 mata·
357 3225 407 3282 fitis
420 3226 536 3271 architecti.
557 3237 703 3288 quamquam
718 3258 726 3281 ,
742 3225 867 3286 quomodo
881 3241 928 3292 ego

57 3284 136 3340 edidi,
150 3286 210 3347 quast
224 3291 291 3334 matis
300 3288 418 3334 architediis
431 3321 438 3344 ,
453 3285 509 3350 apte
520 3285 619 3335 cohaeret
630 3301 684 3334 cum
694 3286 872 3349 provocabulo,
888 3308 929 3336 va·

58 3348 110 3405 bis,
125 3345 175 3396 fine
187 3362 234 3413 quo
248 3349 306 3399 stare
323 3364 373 3397 non
391 3349 475 3413 poteii.
508 3353 661 3398 Preterea-er
677 3363 753 3407 voce,
769 3365 833 3413 erga,
849 3350 925 3408 facio,

57 3426 91 3472 ag·
107 3428 116 3457 .·
138 3423 163 3457 ut
180 3425 195 3460 a
217 3426 277 3464 voce
295 3413 385 3464 dubiem
399 3412 557 3478 proficiscatur
571 3413 710 3478 principium
724 3427 792 3463 uota
802 3414 927 3465 orationis.

57 3474 184 3543 Lapithae.
239 3532 243 3541 1

818 3553 855 3595 72.
872 3540 938 3601 Ery!-

683 2972 806 3035 prei'ettim
819 2986 872 3021 cum
889 2973 931 3022 hic
1000 2978 1004 2984 '
