2318 3914
246 121 327 203 2278
418 122 616 187 Acnncrt.
640 122 948 204 Qumsrrouunt

152 256 175 265 ’·
245 260 296 306 eos
311 241 425 319 quidem
440 241 674 300 Innumerabiles:
695 242 820 317 itemque
838 241 979 300 hommes.
1019 239 1118 303 delude

245 320 384 396 postulas,
402 330 449 387 ut,
469 316 490 374 fi
506 317 626 375 mundus
641 320 678 378 ita
695 317 726 377 iit
739 335 788 393 par
802 319 877 376 alteri
892 317 1018 386 mundo,
1040 320 1119 379 utiu-

244 408 288 455 ter
302 414 351 455 eos
365 413 401 453 ne
415 394 565 453 mInimum
581 393 695 470 quidem
718 393 820 453 interfit
836 435 844 461 ,
863 393 1036 452 concedatur
1055 395 1119 468 tibi,

245 487 278 531 ut
290 474 319 532 in
333 473 389 530 hoc
402 486 517 548 quoque
530 469 623 529 nostro
637 469 745 529 mundo
759 469 861 546 ahquid
874 470 954 528 alicui
968 487 1018 544 par
1033 469 1119 540 stt,ut

245 550 314 608 nihil
328 547 459 616 differat,
479 547 547 605 nihil
566 546 678 605 Intersit.
717 564 766 605 cur
787 547 862 605 enim
878 588 887 614 ,
905 546 1032 622 inquies,
1053 547 1118 609 curu

246 643 282 684 ex
295 626 346 685 illis
360 623 522 691 Indiuiduis,
542 623 616 682 unde
638 623 734 682 omnia
755 623 933 680 Democritus
953 624 1032 697 gigni
1047 624 1118 683 affir-

245 714 321 773 mat,
340 703 370 761 In
384 701 492 777 reliquis
506 701 632 769 mundis,
651 702 682 758 bc
696 700 725 757 in
738 700 779 757 his
793 699 908 775 quidem
928 700 1118 760 Innumerabi-

126 793 153 844 2.
167 793 219 846 xv.
244 777 312 838 libus
328 820 337 848 ‚
357 776 565 837 innumerabiles
580 778 619 851 Q.
633 776 737 834 Lutatii
752 777 843 834 Catuli
865 793 923 834 non
939 775 1031 834 modo
1053 777 1116 851 pos·

242 853 379 923 intelle,
398 852 539 912 sedetiam
556 851 624 922 sint,
644 854 673 912 in
694 852 750 910 hoc
770 862 849 911 tanto
872 851 979 911 mundo
1001 851 1118 915 Catulus

245 931 312 992 alter
325 949 384 990 non
397 929 477 1005 possit
492 928 584 986 effici?

200 1015 238 1094 5⁶
283 1008 391 1067 XVIII.
411 1006 572 1066 Pnrttuu
592 1005 706 1082 quidem
722 1021 769 1063 me
785 1003 820 1063 ad
840 1005 1042 1066 Democritum
1065 1024 1118 1068 vo-
1147 1050 1150 1055 ,

148 1074 160 1092 ⁸
245 1103 305 1153 cas,
326 1086 371 1153 cui
385 1101 444 1142 non
458 1081 606 1140 assentior:
627 1081 773 1157 potitisque
787 1081 927 1149 refellam,
947 1084 1117 1158 promeris,

243 1161 322 1238 quod
336 1157 455 1218 dilucide
468 1158 584 1233 docetur
596 1158 611 1217 *a
621 1158 790 1232 politioribus
804 1156 1116 1234 phyficis‚stngutarum

243 1254 335 1301 rerunt
350 1236 464 1312 singulas
476 1236 654 1310 proprietates
669 1231 730 1292 else.
770 1235 814 1292 fac
834 1235 909 1311 enim
932 1237 1064 1312 antiquos
1087 1238 1118 1297 il-

75 1350 77 1355 ·
94 1341 113 1390 q
129 1327 182 1387 fini.
244 1313 286 1373 los
300 1312 452 1381 Servilios,
473 1311 521 1387 qui
534 1312 638 1385 gemini
653 1313 780 1380 suerunt,
807 1321 865 1369 tam
886 1309 1008 1369 rfimiles
1027 1312 1116 1389 quim

94 1390 217 1442 tumeam
245 1389 389 1449 dicuntur:
410 1404 479 1447 num
494 1388 584 1447 censes
594 1389 681 1448 etiarn
691 1386 804 1446 eosdem
819 1384 916 1445 futile?
927 1406 985 1446 non
995 1390 1116 1466 cognos-

246 1468 377 1525 cebantur
398 1465 479 1523 soris:
498 1475 527 1522 at
541 1464 628 1523 domi.
648 1482 706 1523 non
720 1462 754 1521 ab
768 1462 876 1521 alienis:
896 1463 953 1522 ati
968 1465 1029 1523 suis.
1066 1467 1115 1527 An

245 1561 305 1602 non
318 1542 463 1608 videmus,
482 1540 538 1598 hoc
552 1539 601 1597 usu
619 1541 712 1599 venire
729 1581 737 1607 ,
757 1550 789 1596 ut
801 1557 871 1615 quos
884 1556 1042 1616 numquam
1067 1542 1118 1618 pit·

124 1622 137 1679 ¹,
243 1613 371 1678 tassemus
384 1616 401 1676 I
416 1617 494 1677 nobis
508 1616 655 1675 internosci
667 1613 759 1690 polle,
779 1632 845 1685 cos,
856 1615 1129 1679 consuetudieem.

245 1695 347 1765 hibita,
366 1707 424 1753 tam
447 1691 526 1752 facile
545 1693 817 1763 internosceremus,
836 1693 931 1752 utine
960 1694 1115 1755 minimum
1150 1717 1159 1766 ζ’

244 1772 359 1848 quidem
373 1770 471 1829 srrniles
483 1764 538 1826 csse
551 1766 730 1828 viderentur?
1152 1775 1159 1844 J

200 1859 236 1920 37
284 1848 360 1918 ch,
380 1863 483 1922 pugnes
497 1845 577 1913 licet,
596 1863 655 1904 non
669 1845 842 1922 repugnabo:
864 1846 1030 1922 quinetiam
1046 1864 1117 1907 con·

246 1925 362 1994 cedam,
380 1924 457 1983 illum
473 1921 559 1996 Ipsum
573 1922 740 1997 sapientem,
760 1922 795 1980 de
809 1940 873 2005 quo·
889 1924 980 1980 omnis
1000 1923 1048 1981 hic
1063 1922 1117 1983 ser-

247 2019 298 2061 mo
312 2002 368 2071 est,
388 1999 451 2059 cum
467 1999 493 2057 ei
507 2015 548 2056 res
563 1997 661 2057 similes
674 2011 837 2067 occurrant,
856 2014 922 2074 quas
938 2014 997 2056 nott
1015 1999 1117 2059 babeat

246 2076 407 2146 denotatas,
427 2088 597 2137 retenturum
611 2072 764 2144 assensum·‚·
779 2093 833 2134 nec
846 2091 979 2149 umquam
993 2075 1041 2133 ulli
1058 2075 1115 2136 viso

247 2151 428 2220 assensurum,
448 2151 497 2210 niti
511 2151 588 2227 quod
601 2151 656 2208 tale
670 2152 768 2219 fuerit,
787 2150 867 2227 quale
883 2150 976 2207 salsum
992 2148 1115 2211 ellenon

245 2231 335 2304 poffit.
372 2230 427 2288 Sed
441 2228 475 2286 ad
490 2240 591 2284 ceteras
604 2244 645 2285 res
664 2227 747 2285 haber
765 2228 904 2302 quandam
926 2237 1038 2301 artem,
1060 2227 1116 2304 qut
1157 2229 1159 2274 1

247 2306 335 2364 verat
351 2305 419 2364 falfis
434 2304 512 2379 potlrr
520 2303 696 2379 distinguere:
713 2304 784 2362 &ad
794 2302 1116 2363 fimilitudinesisiasusus
1156 2299 1159 2380 1

98 2412 111 2447 1
123 2381 415 2456 1111111111111111111111111
431 2380 477 2440 est.
516 2390 563 2437 rut
574 2382 665 2439 'mater
678 2381 804 2456 geminos
818 2378 976 2438 internoscit
996 2379 1125 2455 consue·-

50 2504 53 2509 ,
99 2462 175 2510 Lamb-
247 2457 342 2516 tudine
357 2457 519 2515 oculorum:
539 2456 575 2513 fic
589 2470 620 2515 tu
634 2456 816 2523 internosces,
836 2452 1023 2514 sraffueveris.
1062 2456 1114 2515 vi-

243 2532 343 2603 desne,
363 2546 394 2592 ut
406 2535 435 2592 in
449 2533 594 2608 proverbio
615 2531 647 2590 stt
666 2551 786 2594 ovorum
809 2534 880 2590 inter
893 2532 919 2589 se
934 2530 1085 2591 similitudo
1100 2530 1115 2591 1

242 2620 338 2669 tamen
353 2611 408 2668 hoc
421 2610 593 2683 accepimus,
613 2608 677 2666 Deli
692 2607 769 2668 fuisse
790 2610 946 2683 complures
966 2607 1056 2683 (salvis
1071 2626 1116 2667 re·

98 2693 221 2755 srltiuuj.
246 2686 295 2744 bus
308 2687 386 2758 ⁸illis)
406 2688 453 2762 qui
466 2686 574 2767 gpllinas
588 2685 658 2742 alere
676 2686 821 2759 permultas
836 2684 954 2760 quaellus
974 2683 1053 2742 causti
1069 2685 1114 2744 so·

98 2758 167 2807 ⁶⁸¹³·
246 2762 342 2820 lerent.
379 2761 487 2820 hicum
503 2779 587 2820 ovum
604 2760 791 2834 Inspexerant,
812 2779 876 2837 quae
895 2760 924 2819 ld
944 2759 1042 2836 gallina
1064 2779 1115 2841 pc·

247 2837 372 2915 perisset,
392 2839 483 2897 dicere
497 2837 626 2896 solebant.
663 2854 754 2913 neque
767 2837 796 2894 id
811 2837 847 2894 est
863 2849 959 2896 contra
973 2854 1034 2896 nos.

206 2911 261 2989 58-
287 2916 362 2974 Nam
383 2915 462 2975 uobis
483 2914 541 2973 satis
562 2913 673 2973 estora
695 2914 738 2974 lla
761 2913 969 2974 ‘internoscere
1008 2911 1038 2969 7⁸
1046 2915 1118 2977 nihil

97 2987 209 3102 {1⁰13an
267 2994 270 2999 '
1036 2992 1152 3051 enim

97 3115 175 3168 Μ·
242 3145 429 3192 mustitani
446 3147 470 3193 Ρ.
483 3143 604 3195 Manutius
615 3156 685 3192 voces
698 3141 752 3193 illas
767 3156 851 3193 omnes
866 3142 936 3192 habet
948 3141 1105 3202 adulterinas,

244 3206 402 3270 cxprcffitque
412 3226 448 3262 eo,
464 3221 513 3254 nort
525 3225 565 3256 eos.
599 3210 692 3255 Gruter.

276 3278 314 3325 7⁸.
331 3276 372 3318 «At
381 3274 438 3317 enim
447 3266 514 3314 nihili
525 3273 597 3316 mt'nus
606 3269 701 3329 affinrirr'
708 3282 777 3332 potes,
792 3272 828 3315 hoe
839 3268 897 3315 titud
906 3266 957 3329 ff,
973 3267 1031 3325 &ul
1063 3265 1111 3317 Hie

243 3329 370 3381 locuserat
381 3330 549 3380 antepositam
559 3333 616 3380 edit.
648 3329 782 3394 impeditur.
794 3333 819 3379 bc
836 3327 907 3392 plane
921 3327 1105 3440 inexplicabili&

243 3408 307 3442 nunc
318 3408 397 3445 autem
410 3391 538 3469 expedirisl.
556 3398 581 3444 bc
593 3393 624 3443 ad
633 3392 798 3458 crplIcandum
807 3392 943 3441 facillimus.
987 3405 1029 3439 unt
1044 3394 1114 3442 enim

245 3456 316 3509 verba
328 3456 463 3516 adversam,
480 3455 511 3508 sic
521 3457 668 3523 objicientis,
684 3464 723 3509 ott
737 3458 871 3507 animastis·
882 3460 953 3506 minus
965 3458 1009 3509 tac.
1026 3453 1051 3503 id
1062 3452 1116 3565 etl&
