2318 3914
242 115 428 185 ertrt
468 120 765 191 Tuarrus.
868 140 963 210 '243¹-

77 236 139 286 tam
161 229 319 306 propinquo
338 229 511 307 respondeat.
550 229 663 289 Laboro
682 242 776 289 autem
802 247 864 292 non
892 233 951 294 fine

80 303 168 364 causa.
208 317 307 365 ηιιιιιι
322 307 353 366 &
367 307 412 366 avi
426 307 485 384 ejus
499 305 636 364 memorii
651 322 770 365 moveor
788 306 853 383 (nec
869 312 947 370 enim

864 386 947 461 igno}

77 561 238 615 Gracchorum
247 564 364 622 ostendit,
378 565 427 624 ejus
437 575 516 615 autam
528 562 633 614 sororem
647 597 654 619 ,
672 576 745 628 quem
759 562 821 612 iutra
835 562 945 617 domesti-

76 634 117 695 cus
123 630 226 697 parietes
237 629 267 677 ab
277 628 373 675 occulto
384 626 512 692 percuss'ore
521 642 632 681 necatum
642 626 742 676 historic
757 640 860 677 narrant.
888 632 944 678 nac

75 687 156 745 Laura,
172 705 227 739 cum
238 706 269 738 ex
280 705 310 737 eo
321 692 434 754 capione
444 691 505 740 filios
531 689 643 747 enuiffct',
657 703 683 737 ut
695 692 744 750 jam
754 688 875 744 diximus,
890 694 945 739 θε-

73 748 174 810 pionem
191 757 216 802 δι
233 753 374 810 Seruiliam,
398 753 500 805 diuortio
515 706 583 802 {acio
600 753 761 816 (nonenim,
784 751 835 816 post
851 752 944 804 obitum

75 814 211 874 Caepionis,
227 814 358 878 putandum
369 815 401 865 cll
413 834 422 874 ι
435 831 491 866 asm
502 816 561 865 obiit
575 815 671 866 Marfici
688 814 745 865 belli
759 828 885 878 tempore,
899 816 945 865 ali·

74 887 169 934 quanto
197 877 232 925 ost
244 878 344 927 alterum
355 879 426 928 Liviae
435 880 584 944 conjugium,
599 879 664 943 quod
675 878 934 929 cacatonisUticerrfir

73 937 148 984 Liuiae
160 893 216 997 fifh,
234 953 302 1005 stare
311 941 413 991 conflat:
429 942 469 1005 qui
479 957 533 991 cum
543 944 634 1006 perierit
645 941 735 990 caesare
744 943 769 991 δι
781 940 874 1004 Lepido
885 955 914 989 co
936 976 944 993 .

74 1011 155 1046 annos
165 1015 233 1050 natus
243 1016 344 1056 xavrrr.
360 1018 386 1054 ut
397 1004 429 1053 ait
440 1005 592 1061 Plutarchus,
607 1003 662 1054 iaris
677 1001 769 1052 constat
784 1017 840 1052 anre
854 1004 941 1053 Mari·

74 1073 133 1108 cum
144 1061 246 1124 bellum„
260 1065 284 1114 id
294 1065 326 1115 cii
337 1081 393 1118 ante
403 1069 523 1132 capionis
533 1067 673 1126 inreritum,
694 1065 739 1114 effe
751 1065 846 1128 narum)
863 1064 941 1130 nuplir

75 1126 115 1196 Μ.
128 1126 229 1184 Caroni,
249 1141 279 1177 ex
289 1143 338 1194 quo
351 1132 432 1193 genuit
447 1146 502 1180 cum
520 1135 657 1188 Catonem,
678 1130 719 1194 qui
737 1127 761 1177 sc
774 1128 856 1191 polica
867 1130 941 1178 Uticz

73 1189 203 1259 interemit.
233 1205 297 1254 patet
311 1194 394 1256 igitur,
410 1197 446 1244 M.
458 1194 559 1243 Catonis
573 1190 686 1243 Uticenlis
705 1193 821 1241 uterinam
836 1191 942 1243 sororem

75 1250 198 1320 §erviliam
208 1256 371 1318 uterirauruque
387 1256 483 1306 fratrem
497 1252 565 1305 fuisse
582 1257 720 1321 Capioaem
735 1287 743 1311 ,
759 1268 831 1317 quem
849 1255 941 1305 catoni

74 1311 263 1384 Jucundillituum
278 1318 347 1368 fuisse
361 1333 391 1367 ex
408 1318 495 1369 eodem
511 1319 635 1368 Plutarcho
654 1313 820 1383 cognoscitur:
842 1333 871 1366 ex
888 1333 939 1382 quo

75 1385 149 1422 etrarrr
159 1378 265 1438 coastat,
281 1381 398 1438 Drusum,
414 1384 484 1431 Livia
495 1394 599 1445 patrem,
613 1383 715 1430 Catonis
725 1395 796 1429 avum
811 1379 896 1439 suilla,
912 1394 939 1430 ut

74 1439 228 1500 appellaturi
240 1445 356 1494 Cicerone
368 1443 409 1493 lib.
421 1459 456 1494 ιι.
473 1445 504 1493 de
518 1446 569 1494 Fir.
588 1445 624 1493 his
639 1443 731 1493 verbis:
747 1442 856 1501 conferam
870 1461 941 1491 avum

72 1512 136 1547 cuum
151 1506 247 1565 Drusum
262 1524 309 1554 cum
328 1516 349 1556 C.
365 1511 477 1563 Graccho,
490 1511 536 1568 ejus
547 1506 595 1566 fere*
610 1509 695 1616 αἴκαὶί.
727 1505 793 1570 quod
808 1506 834 1554 iu
844 1509 939 1555 Catone

70 1561 247 1618 Plutarchus&
262 1570 348 1619 cicero
363 1571 387 1618 in
403 1571 512 1618 oratione
528 1584 570 1632 pro
587 1572 641 1619 Mi.
657 1567 819 1624 confirmant,
836 1571 938 1618 caronis

71 1630 214 1678 avunculum
229 1631 331 1682 Drusum
347 1633 512 1696 appellantes,
533 1646 586 1679 cum
602 1635 651 1692 ejus
666 1632 762 1690 filium,
786 1632 826 1695 qui
846 1632 939 1680 senatus
993 1662 996 1671 ·

69 1687 166 1800 {aussm
182 1706 264 1744 contra
279 1699 310 1747 C.
328 1696 462 1746 Gracchum
475 1708 564 1744 tuturus
579 1693 631 1754 est,
658 1693 707 1744 srue
726 1694 798 1744 dubio
814 1693 937 1759 fignificet.

92 1785 100 1800 ο
140 1769 199 1806 anm,
502 1774 505 1781 ¹

106 1830 143 1865 12.
159 1826 216 1867 uam
232 1820 262 1871 &⁸
274 1824 315 1868 uvi
330 1823 375 1881 ejus
390 1819 494 1869 memorii
507 1838 593 1869 moveor
609 1820 654 1882 (nec
670 1821 726 1867 enim
743 1821 843 1882 ignoras,
859 1822 937 1883 quanti

66 1875 159 1934 fecerim
173 1885 306 1945 Scipionem,
320 1887 360 1946 qui
366 1917 373 1940 ‚
389 1898 413 1931 ur
429 1887 498 1948 opinio
513 1900 560 1929 mea
571 1883 617 1941 ferr
630 1914 637 1939 ,
658 1885 682 1928 in
693 1885 822 1945 principalius
835 1886 887 1941 jam
904 1886 937 1943 es-

62 1940 99 2000 sat
109 1973 117 1996 ‚
129 1943 151 2001 li
161 1945 258 2005 viveret)
275 1946 300 1998 du·
316 1948 419 1994 Lucullus
431 1949 490 1995 mibi
502 1947 602 2006 versatur
616 1957 665 1990 auru
679 1946 766 2002 malou]
797 1951 876 1993 Auum
887 1949 937 1993 Lu·

67 2003 127 2075 culli
130 2007 243 2114 rpueri-Q.
256 2008 396 2071 Caepiouem
405 2006 485 2066 fuille,
501 2023 569 2064 eum,
585 2009 625 2071 qui
636 2007 701 2054 bello
713 2005 815 2054 Marlico
830 2009 918 2055 interiit
928 1998 946 2065 ‚'

68 2078 119 2124 ram
139 2069 327 2132 rguificarimua,
342 2086 414 2135 quem
425 2073 542 2120 Cicerone
557 2071 670 2119 seniorem
683 2066 751 2118 fuisse
760 2069 864 2117 indicant
876 2084 940 2117 norr-

69 2127 149 2178 solum
165 2147 193 2181 ea
204 2132 295 2191 uerba,
327 2139 388 2181 uanri
398 2134 488 2193 fecerim
503 2137 621 2197 Scipionem
637 2166 644 2188 ,
666 2134 691 2181 δι
706 2146 751 2187 ea,
767 2135 790 2179 in
807 2133 940 2194 principibus

63 2193 118 2251 jam
133 2194 180 2255 effer
195 2229 203 2251 ,
234 2196 280 2244 hoc
296 2150 346 2254 effi,
361 2198 458 2261 ¹aliquot
475 2199 523 2259 jam
540 2197 607 2244 annis
622 2195 787 2244 audorirarem
802 2193 827 2241 in
842 2195 938 2243 civitate

68 2251 190 2306 summam
202 2260 331 2315 obtineret,
348 2257 387 2309 std
397 2259 475 2311 mulfo
485 2260 561 2324 magis
573 2261 631 2313 illa,
648 2272 700 2322 qus
710 2262 775 2305 Cato
793 2254 937 2319 respondet:

68 2323 167 2381 vterque
186 2324 228 2369 tibi
246 2322 364 2382 resiamunto
384 2325 457 2370 liberos
468 2324 519 2383 surr
536 2325 699 2370 commendavit.
732 2321 850 2370 Nominat
865 2320 938 2385 igitur

70 2382 158 2430 Cicero
168 2382 227 2433 duos
239 2386 363 2447 Caepiones
374 2402 382 2440 3
397 2385 474 2434 filium
483 2384 579 2450 quidem
590 2387 667 2449 priore
677 2384 733 2432 loco
745 2417 753 2439 ,
767 2397 821 2431 cum
832 2384 879 2439 air,
896 2390 938 2431 ca-

65 2446 130 2504 piom'
147 2447 232 2506 nostro,
253 2450 297 2508 qui
315 2447 361 2497 fuit
381 2449 508 2498 avunculus
530 2451 594 2512 pueri
613 2448 705 2496 Luculli
738 2448 763 2495 δι
784 2449 821 2494 Μ.
840 2451 936 2496 Brutum

68 2505 205 2570 adoptavit,
222 2511 284 2559 unde
294 2512 376 2574 Cupio
387 2516 468 2561 Brutus
478 2511 519 2560 lib.
527 2525 560 2560 rr.
577 2510 607 2560 ad
618 2517 668 2560 Art.
681 2512 706 2559 δι
717 2514 749 2570 Q.
760 2510 843 2571 capio
855 2512 936 2558 lirutus

69 2571 171 2635 Philipp.
186 2589 210 2623 r.
229 2575 253 2622 δι
273 2574 298 2622 ira
313 2588 338 2622 ar
355 2575 429 2622 emtis
444 2574 547 2637 antiquis
566 2574 670 2622 nummis
683 2574 826 2620 nominatur.
849 2570 936 2621 ddude

37 2658 40 2665 ·
67 2634 118 2692 ejus
131 2649 239 2697 patrem,
260 2650 314 2685 crim
335 2589 468 2701 &biungiu
484 2644 511 2690 θ’
527 2640 569 2683 uvi
584 2641 630 2696 ejus
644 2633 748 2683 memorii
763 2650 857 2685 moveor.
890 2636 936 2683 llic

71 2697 132 2774 mihi
142 2698 278 2761 scrupulus,
294 2696 414 2748 observata
431 2701 553 2749 Ciccronis
569 2713 654 2752 state.
675 2696 730 2746 sane
744 2694 846 2744 difficilis
861 2697 938 2753 injici·

68 2771 114 2808 rur.
149 2775 224 2817 nam,
240 2760 257 2808 sr
273 2763 364 2817 Luculli
379 2763 444 2825 pueri
454 2762 498 2811 fuir
513 2777 570 2811 avus
585 2764 686 2822 Capio,
707 2761 726 2806 is
743 2793 751 2812 ‚
767 2772 840 2821 quem
852 2761 936 2807 italico
994 2798 1000 2803 .

68 2821 154 2879 bello,
172 2838 236 2871 anno
252 2825 313 2871 urbis
323 2838 456 2875 ucaxarr.
479 2826 528 2874 viti
543 2823 660 2872 excessiffe
679 2822 797 2883 dicimus,
819 2821 859 2867 vix
880 2818 932 2870 ficri

68 2884 135 2945 polle
146 2886 230 2942 video,
246 2900 271 2934 ur
282 2901 335 2935 cum
346 2889 430 2935 Cicero
440 2884 568 2952 igniflua,
584 2902 638 2934 cum
654 2885 701 2932 uir:
718 2893 766 2931 Noa
775 2886 832 2929 enim
843 2886 935 2942 ignoras,

67 2952 146 3010 quanti
151 2949 241 3008 fecerim
254 2953 371 3008 crpionem.
389 2964 445 2999 nam
455 2966 530 2999 annus
542 2949 603 2997 urhis
620 2961 728 2996 ιιιιιιιι.
750 2946 794 2993 iuit
806 2958 880 2992 annus
891 2948 935 2995 ci·

68 3012 161 3059 caronis
171 3012 246 3060 cratis
260 3026 326 3061 surr.
343 3021 368 3058 ut
379 3010 554 3060 adolescentulo
568 3009 692 3065 Ciceroni,
709 3009 748 3057 vix
764 3021 840 3057 annus
850 3006 934 3066 puber·

67 3075 124 3122 tatis
134 3071 251 3137 ingrello,
266 3072 459 3123 consuetudinem
468 3089 523 3123 cum
533 3075 584 3122 viro
594 3073 709 3134 capione
723 3071 798 3118 ullam
808 3068 875 3118 fuiffe
885 3086 936 3120 cre·

68 3133 141 3184 dibile
151 3153 200 3186 non
209 3136 246 3187 lit.
280 3136 376 3185 Accedit
388 3137 460 3191 illud,
476 3152 525 3199 quo
536 3137 609 3184 ctiam
622 3135 700 3198 magis
715 3147 831 3188 movcor,
848 3134 912 3207 quod
925 3168 934 3191 ,

68 3213 124 3247 cum
138 3203 215 3255 Cato,
232 3199 415 3249 commendatos
431 3200 569 3248 Ciceronis
585 3197 703 3245 morlcutc
717 3197 830 3258 Caepionc
845 3195 931 3246 liberos

68 3262 130 3318 ejus,
147 3265 227 3323 paullo
243 3263 294 3328 post
309 3261 446 3326 lubJurrgir,
462 3274 590 3325 repugnare
608 3259 700 3308 viderur
719 3259 840 3308 ciceronis
856 3272 930 3316 ctas,

68 3338 160 3372 annum
171 3329 273 3388 agentis,
288 3338 313 3374 ut
325 3325 441 3383 diximus,
457 3339 523 3374 κιιι.
540 3337 594 3370 cum
605 3324 688 3387 Cupio
699 3320 852 3372 viriexccffit
865 3338 872 3369 z
887 3323 933 3370 ira·

67 3402 116 3452 que
137 3387 254 3438 interdum
269 3389 409 3439 mihi'rcuit
426 3391 451 3438 in
468 3400 573 3436 mentem
591 3386 714 3450 suspicari,
735 3400 765 3434 ne
781 3385 818 3432 laic
834 3387 932 3494 caeffio’

66 3464 142 3517 qucru
153 3449 239 3504 Cicero
249 3450 392 3519 observavit,
407 3454 518 3586 cujuaqie
529 3447 616 3499 liberos
624 3452 647 3501 ci
657 3446 840 3503 commendatos
855 3462 868 3498 e
889 3460 902 3491 e
918 3461 942 3555 ιι

361 3519 367 3525 ’
505 3532 533 3567 rr
547 3529 623 3567 ΝΗ
903 3521 960 3572 ἳὶ
