2318 3914
224 150 423 223 hinni
466 146 778 241 Quantus.
871 152 950 241 2481

67 266 152 329 uiiius
166 270 259 347 etrum
274 272 385 344 teritur,
405 291 471 351 quae
491 271 642 349 secundini
662 283 788 331 naturam
808 271 877 342 iint,
895 270 946 334 aui

69 359 184 405 motum
200 391 209 417 ,
228 364 275 427 ¹aut
285 349 407 415 statum?
426 366 491 426 quae
507 348 711 411 autem'mtura
725 348 781 407 suae
794 351 944 425 primaein·

63 421 215 483 -i'citut'ionis
229 426 385 495 oblita'est‘,
404 424 477 507 nulia
491 422 724 503 profecto,'qun
737 424 813 483 iuaur
826 427 884 485 vitn
898 440 942 484 re·

65 498 187 558 cinctui
203 504 295 576 ptimo
310 502 345 562 ad
360 502 527 561 extte'mutn.
925 504 928 509 '
1022 542 1025 553 ·

109 579 213 661 34Qu9
227 580 333 654 ¹igirur
348 580 467 649 evenit,
477 590 509 637 ut
521 578 644 638 hominis
663 589 760 637 natura
778 575 834 636 solt
854 575 936 649 effet,
947 599 984 659 33

65 668 132 727 quae
147 653 294 713 hominem
309 654 490 735 relinqueret,
509 672 574 733 quae
586 652 790 715 oblivisceretur
804 655 1051 733 corporisffssmodo

65 741 135 803 quae
146 728 288 803 summum
303 732 409 791 bonum
423 732 482 793 non
496 733 525 791 in
538 743 603 791 toto
615 730 749 799 homine,
767 728 815 795 scd
833 731 864 789 in
876 726 1071 806 ponamin

64 814 95 863 te
111 805 234 864 hominis
246 806 382 882 poneret?
402 826 460 885 quo
473 806 562 867 modo'
575 821 688 876 autem,
708 806 785 883 qnod
797 805 938 881 ipiietitm

67 878 210 951 fatentur,
231 883 390 961 constatque
402 885 473 945 inter
487 900 602 951 omnes,
622 882 849 953 conservabitur,
871 891 939 943 ³5ut

68 954 160 1014 iimiie
173 956 204 1016 stt
219 961 347 1019 omnium
360 960 481 1021 naturaie
493 960 560 1020 iliud
573 960 721 1030 ultimum,
741 959 776 1018 de
789 976 848 1037 quo
863 976 942 1037 quae-

68 1032 158 1116 titur?
178 1045 239 1093 turn
257 1037 331 1095 eni'tn
346 1036 411 1097 eiiet
424 1036 528 1107 simile,
538 1036 563 1096 'fi
577 1038 606 1096 in
621 1037 717 1098 ceteris
730 1053 844 1113 quoque
857 1048 939 1096 natu-

68 1123 108 1164 ru
126 1108 154 1167 id
169 1112 268 1188 cuique
281 1110 346 1172 effer
359 1110 488 1172 ultimum
505 1157 514 1185 ,
534 1114 610 1190 quod
625 1114 777 1191 inquique
784 1112 939 1172 excelleret.

71 1183 127 1240 taie
141 1186 218 1245 enim
231 1187 318 1249 uisut'n
333 1187 399 1249 eiict
411 1191 542 1249 ultimum
558 1191 727 1249 Stoicorum.
758 1212 762 1217 ·
879 1190 895 1225 ⁶

110 1262 189 1347 ⁸Quid
209 1263 312 1347 dubitas
331 1267 413 1345 igitur
435 1282 541 1326 mutare
562 1266 692 1343 principia
714 1264 848 1325 natutae?
867 1264 934 1344 quid
946 1279 982 1338 34

70 1352 147 1421 enim
160 1337 263 1409 adicis,
283 1360 370 1401 omne
384 1342 502 1412 animal,
522 1343 601 1402 simui
615 1357 697 1419 atque
710 1340 743 1401 fit
755 1354 866 1412 ortum,
886 1354 960 1418 atr-y
977 1337 1037 1414 dicit

68 1410 200 1484 plicatum
213 1413 267 1476 effe
280 1416 355 1477 adse
370 1418 538 1494 diligendum
548 1441 556 1480 ι
566 1414 674 1497 esseque
688 1419 717 1476 in
730 1417 757 1475 ie
770 1418 934 1477 conieruan·
942 1402 1032 1512 ‘iffi'

69 1486 109 1573 do
122 1492 310 1566 occupatum?
329 1495 396 1573 quin
409 1495 499 1571 potiits
512 1498 550 1555 ita
563 1496 646 1563 dicis,
665 1511 751 1554 omne
773 1495 874 1553 animai
888 1512 935 1572 ap·
1010 1495 1020 1513 ⁶

66 1563 198 1650 pircarum
216 1566 271 1628 eise
291 1568 327 1629 ad
345 1568 375 1629 id
391 1574 496 1648 ,quod
517 1574 546 1631 in
567 1590 603 1631 eo
624 1570 657 1630 fit
676 1572 840 1645 optimum,
860 1571 934 1630 &in

67 1656 126 1713 ejus
141 1644 220 1701 unna
234 1646 401 1721 occupatum
416 1647 470 1705 eiie
485 1647 623 1716 custodia,
642 1647 756 1723 reliquas
775 1664 812 1706 ue
826 1660 933 1721 naturas

65 1715 136 1774 nihil
149 1717 220 1778 aiiud
233 1738 330 1855 algere,
350 1722 400 1783 nifi
413 1737 443 1782 ut
458 1724 487 1782 id
501 1724 680 1789 conservent,
698 1664 776 1799 quod
789 1724 818 1782 in
825 1740 959 1801 quaquez
974 1727 1003 1781 dt
1014 1744 1066 1798 opt.

67 1793 228 1866 ²optitnum
255 1798 297 1856 1t?
312 1816 374 1874 ¹quo
390 1799 478 1858 modo
492 1813 586 1859 autem
608 1802 748 1875 optimum
764 1840 773 1867 ‚
790 1799 933 1859 sibonum
944 1796 1021 1844 Lama

64 1881 198 1944 praeterea
214 1874 320 1932 nulium
336 1874 394 1932 eii?
414 1875 434 1933 ii
455 1891 549 1934 autem
570 1876 672 1952 reliqua
692 1875 843 1949 appetenda
858 1875 936 1946 sunt,
965 1862 989 1910 Ρ·
1006 1860 1085 1909 cm

65 1962 133 2015 cur,
153 1949 230 2023 quod
245 1951 283 2008 est
307 1951 437 2009 ultimum
459 1969 550 2010 return
572 1952 810 2027 appetendarum,
830 1951 857 2010 id
877 1971 938 2012 non

65 2035 116 2079 aut
130 2039 165 2080 ex
180 2027 310 2084 omniunt
326 2043 445 2097 earnm,
465 2040 512 2086 aut
533 2046 567 2086 ex
587 2028 766 2104 plurimarum
794 2029 824 2085 δε
851 2029 940 2086 maxi·

65 2103 363 2185 marumxappetitioue
377 2102 572 2164 concluditur?
592 2102 660 2162 ³⁶ut
685 2100 792 2163 Phidias
812 2102 901 2191 poteii
921 2102 940 2163 d

847 2197 941 2255 primo

103 2370 140 2413 ³41
157 2355 268 2418 Quomodo
280 2356 347 2418 igitur
355 2358 446 2416 evenit]
465 2358 544 2425 Magis
559 2355 636 2421 piacet
647 2362 751 2411 eveniat.
768 2370 794 2406 ut
804 2355 837 2407 ed
849 2357 875 2407 in
887 2370 942 2411 nic·

67 2414 196 2479 nusctipto.
229 2416 303 2477 vrstn.

104 2496 142 2536 35.
156 2481 267 2539 vtssmiie
274 2483 302 2535 fit
314 2484 409 2528 tranium
419 2495 546 2530 naturarum
562 2484 621 2529 iilud
635 2484 756 2540 ultimum,
771 2483 797 2529 de
807 2497 848 2545 qut
860 2484 942 2545 qum·-

66 2548 138 2599 tmt]
152 2543 234 2592 Pauilb
243 2556 300 2593 nure
311 2544 388 2592 dixit:
404 2551 471 2592 Nema
486 2544 526 2603 est,
541 2549 581 2604 qui
590 2548 656 2592 aliter
667 2548 761 2602 dixerit,
774 2548 831 2608 ,quin
842 2549 940 2593 omnim

65 2620 199 2655 naturarum
210 2602 282 2664 fimile
296 2606 342 2667 effer
357 2608 395 2663 id,
407 2609 436 2653 ad
445 2609 503 2671 quod
516 2612 588 2654 omnia
604 2609 731 2665 refrenantur.
748 2606 779 2655 eii
792 2619 870 2655 autem
880 2622 941 2668 ptar-

66 2670 135 2718 ciara
145 2668 253 2731 inprimis
263 2671 324 2717 tatio
335 2668 477 2719 emendandi
489 2703 497 2725 ‚
511 2684 565 2717 cum
582 2669 668 2719 iintilia
683 2669 795 2718 iimiiiiaus
811 2669 940 2718 conietun·

66 2743 123 2789 tut;
141 2729 206 2793 quod
218 2745 262 2779 nos
273 2730 329 2795 iaepe
340 2732 439 2793 fecimus
450 2749 456 2780 t
473 2733 499 2781 &
510 2731 548 2781 hic
558 2746 701 2789 notatarum,
717 2748 760 2795 pro
775 2735 884 2787 naturaie,
900 2743 939 2781 tc·

65 2808 160 2860 ponere
171 2808 220 2842 non
232 2793 402 2851 dubitavimus,
418 2792 544 2843 accedente
554 2793 584 2842 ad
601 2795 705 2844 nostram
722 2794 882 2853 conjecturam
897 2806 940 2843 ve·

65 2870 121 2908 tere
133 2856 193 2904 iibro
205 2862 258 2906 Cat.
271 2858 368 2920 Sigonii.
386 2860 506 2908 umam.
538 2861 644 2905 Naturale
659 2859 716 2905 iliud
728 2859 855 2915 ultimam]
870 2856 940 2903 l’aui²

67 2923 107 2969 ius
122 2920 241 2968 Manutius
252 2920 405 2975 conjiciebat,
421 2935 566 2974 naturarum,
582 2917 721 2981 asseruitque
737 2934 796 2966 mox
812 2917 854 2966 fibi
864 2922 939 2967 Latu-

66 2986 152 3038 binus,
169 2981 206 3030 sed
218 2998 267 3031 non
279 2980 348 3031 video
358 2997 398 3030 cut
410 2982 573 3045 ireicinierciti
583 2982 679 3037 debeat,
696 2980 770 3038 :jetta
780 2981 884 3029 iedione
893 2994 948 3028 noe

69 3048 135 3102 iim,
151 3060 201 3107 quae
212 3048 237 3094 in
249 3047 360 3094 Palatinis
371 3044 499 3103 omnibus,
516 3047 541 3094 dt
554 3046 661 3107 alioquin
674 3043 739 3093 idem
756 3040 812 3093 dicit
827 3042 896 3107 quod
903 3042 940 3095 ²13

68 3124 130 3160 tera.
164 3112 251 3158 Gruter.

106 3179 143 3227 3⁶·
158 3177 192 3217 'vt
201 3172 292 3219 Phidias
304 3169 369 3233 potest
384 3186 398 3216 a
410 3169 639 3231 principir,r'nsiituere
652 3169 752 3233 figuram]
767 3174 846 3230 Quum
856 3167 880 3215 in
891 3167 941 3216 iilia

72 3230 219 3283 Gothofredi
227 3231 370 3282 editionibus
377 3246 441 3289 ,tarn
452 3230 519 3295 spiffa
530 3232 669 3293 varietatum
682 3230 826 3281 coiiet'tione
836 3230 940 3293 repletis,

70 3296 133 3347 nihil
145 3292 173 3342 ad
179 3294 417 3345 hactetbanotatum
423 3297 561 3358 reperirem,
577 3292 678 3343 mirabar
688 3293 751 3343 unde
762 3294 941 3344 inseiisvitto·

69 3361 142 3411 rionis
147 3359 196 3421 legi
205 3372 342 3415 cornerema
347 3363 418 3421 primo
426 3356 505 3419 ,quasi
512 3370 552 3406 aut
562 3366 593 3404 ne
602 3356 701 3420 dignum
712 3357 809 3420 quidem
815 3356 939 3407 obiectata

68 3422 137 3480 effer,
152 3435 192 3471 aut
207 3418 289 3471 vitiose
303 3420 359 3470 eiiet
375 3420 512 3471 immid'um.
529 3426 567 3469 ita
583 3420 697 3482 quidquid
712 3420 745 3469 eii
756 3416 942 3471 editionnmnc
1013 3469 1016 3474 ,

69 3485 211 3571 spreverunt.
228 3488 262 3535 At
270 3484 536 3603 fflm‘mbw’ffl
542 3482 836 3603 effigitingpitttcnatet,
848 3480 969 3611 &Q
