2318 3914
166 172 170 179 ·
237 140 429 203 brnen
468 132 766 214 Qurnrus.
861 131 946 211 2553

65 241 97 288 ⁸⁶
105 242 139 303 ab
153 243 262 302 Oroete
275 252 396 319 praetore
414 238 518 299 tDarei
530 238 561 296 in
574 252 688 296 crucem
700 228 838 294 auus-er.
896 228 901 239 '
917 254 921 261 ·
946 246 957 283 t
971 224 1039 311 1,),ιῑὖ

109 319 288 387 XXXl.·=Ar
309 335 458 376 nutris
481 314 559 379 malit
580 312 702 375 affectus.
721 312 812 393 5Quis
833 324 917 390 negat
931 299 1004 373 l⁴¹¹¹·

67 398 115 459 sed
129 414 162 457 ea
184 395 256 455 mala
274 395 381 453 virtutis
403 390 594 469 magnitudine
614 389 806 461 obruebantur.
844 391 892 463 An
911 408 991 470 ne93

68 477 126 534 hoe
139 474 254 550 quidem
267 473 453 546 Peripateticis
468 467 618 536 concedis,
639 478 670 526 ut
683 466 793 534 dicant,
814 469 946 529 omnium

72 552 198 610 vitoru'm
212 550 373 617 bonorum,
390 546 489 617 idest,
509 545 662 621 sapientum
688 542 876 620 omnibusque
891 546 948 602 vir·

72 627 174 687 tutibus
188 639 370 693 ornatorum,
390 627 477 683 vitam
493 623 622 681 omnibus
638 622 766 697 partibor·
776 620 835 694 plus
847 621 949 681 habere

71 704 178 781 semper
198 704 266 761 boni
294 700 384 780 quim·
400 697 487 759 mali?
506 701 567 777 quic
581 702 637 758 hoc
652 696 747 757 dicit?
766 695 796 753 ⁸7
806 699 904 756 Stoicis
917 698 950 756 li-

72 793 127 840 cet.
166 779 293 838 minime.
332 779 377 837 sed
400 778 441 837 isli
461 776 536 853 ips,
556 776 604 851 qui
625 775 769 849 voluptate
796 773 948 853 Sefdolore
1041 844 1044 851 Ι

73 859 171 917 omnia
187 857 358 925 metiuntur,
376 872 472 915 nonne
487 853 623 923 clamant,
642 852 755 926 sapienti
768 851 829 925 plus
842 851 950 926 semper

42 936 45 943 '
72 933 188 1002 adesse,
214 933 293 1009 quod
307 933 394 1001 velit,
414 929 501 1007 qulm
521 929 600 1008 quod
618 931 688 987 nolit
709 927 721 987 ἓ
750 927 823 986 Cum
839 941 950 986 tantum
1033 930 1037 937 '

72 1011 156 1084 igitur
168 1011 197 1067 in
212 1011 311 1067 virtute
326 1023 432 1085 ponant
447 1010 482 1078 ii,
503 1009 551 1084 qui
565 1006 592 1064 se
607 1008 725 1064 fatentur
739 1006 845 1063 virtutis
860 1004 950 1074 cansa,

26 1116 30 1183 Ι
74 1085 163 1149 ⁸⁸nili
178 1104 209 1144 ea
229 1087 399 1161 voluptatem
413 1086 533 1154 acciret,
552 1101 588 1142 ne
603 1099 718 1141 manum
733 1083 847 1159 quidem
858 1082 950 1143 versue

26 1186 29 1233 ξ
74 1180 120 1221 ros
135 1160 229 1220 fuisse:
250 1164 318 1238 quid
332 1164 423 1221 facere
438 1178 490 1220 nos
505 1172 617 1238 oportet
632 1202 640 1230 ,
661 1162 708 1236 qui
723 1161 850 1235 quamvis
864 1159 950 1217 mini-

73 1256 152 1297 mam
168 1240 255 1297 animi
269 1240 451 1316 praellantiam
465 1238 595 1303 omnibus
608 1238 688 1299 bonis
709 1237 831 1310 corporis
845 1238 950 1303 anteire

74 1315 216 1383 dicamus·‚
237 1328 267 1373 ut
282 1334 314 1374 ea
327 1335 364 1375 ne
378 1317 407 1374 in
427 1314 578 1389 conspeetu
599 1314 713 1390 quidem
736 1308 950 1389 relinquantur?

96 1393 136 1451 uis
151 1394 226 1451 enim
242 1392 297 1461 est,
316 1393 365 1467 qui
378 1394 441 1450 lraec
454 1392 554 1450 cadere
568 1393 596 1449 in
617 1391 766 1466 sapientem
789 1389 880 1447 dicere
900 1406 949 1446 au·
1016 1414 1019 1419 ·

74 1410 155 1538 gear,
176 1481 223 1539 ut,
244 1468 336 1528 fifieri
358 1468 461 1544 poffit,
482 1471 612 1526 virtutem
633 1469 662 1525 in
682 1478 846 1541 perpetuum
863 1466 971 1540 varji-v
988 1466 1072 1519 abiciat

75 1546 146 1613 ciat,
166 1557 198 1605 ut
212 1546 310 1605 dolore
324 1546 405 1605 omni
424 1543 578 1603 liberetur?
605 1546 666 1620 quis
685 1542 809 1602 nollrtlm
833 1534 1029 1612 dixerit,M⁶'·r

26 1692 29 1701 Ι
76 1639 148 1698 quos
162 1640 221 1681 non
235 1623 321 1698 pudet
336 1642 385 1694 ea,
405 1640 470 1699 quae
486 1622 572 1680 Stoici
585 1621 675 1696 aspera
689 1620 807 1687 dicunt,
828 1621 899 1677 mala
907 1619 950 1678 di·

76 1714 158 1769 cere,
179 1699 275 1758 melius
288 1697 364 1769 elie,
384 1701 499 1774 turpiter
512 1698 615 1774 aliquid
628 1699 719 1756 facere
740 1714 806 1756 cum
821 1697 950 1772 volupta-

77 1788 129 1843 te,
150 1775 236 1852 qulrm
249 1776 365 1836 honeste
378 1794 445 1836 cum
459 1774 579 1835 dolore?

117 1851 205 1911 Nobis
227 1854 407 1912 Heracleotes
428 1852 473 1910 ille
493 1852 645 1928 Dionysius
665 1849 795 1926 flagitiose
809 1848 992 1939 descivisse94

77 1928 188 1987 videtur
235 1928 251 1987 ὲ
294 1930 392 1988 Stoicis
424 1927 454 1982 ⁸9
468 1941 580 2004 propter
620 1929 767 1986 oculorum
810 1926 1096 1992 doloremecxerrr.

76 2006 177 2083 roquis
189 2004 258 2064 vero
270 2006 327 2066 hoc
341 2002 475 2090 didicillet
487 2001 653 2075 lt'Zenone,
674 2022 734 2064 non
752 2003 863 2075 dolere,
884 2005 950 2142 cgm

111 2114 114 2119 .
921 2101 955 2140 ο,

111 2244 149 2286 86.
166 2238 208 2285 Ab
220 2244 294 2285 oriere
302 2250 388 2301 pretore
397 2238 487 2294 narrt]
506 2234 622 2286 Restituit
630 2233 659 2283 ad
670 2235 733 2285 hane
741 2235 847 2286 fonnem
858 2250 889 2285 eur
902 2240 952 2285 He-

77 2303 168 2349 rodoto
180 2301 344 2363 Atlrenaeoque
355 2305 377 2350 Ρ.
391 2300 506 2350 vistorius
517 2300 557 2349 lib.
566 2313 598 2350 11.
616 2305 671 2350 var.
680 2300 746 2350 Lea.
758 2314 809 2364 cap.
822 2320 844 2362 4.
861 2300 953 2364 vulgtti

79 2370 166 2413 Oronte.
184 2379 261 2427 neque
270 2365 337 2415 aliter
350 2364 405 2415 Poll.
436 2367 503 2427 Grec.

114 2435 152 2483 87.
167 2429 251 2474 Stoicus
260 2429 309 2475 licet
319 2430 427 2484 minime]
443 2426 535 2475 Eodem
548 2437 689 2488 argumento
698 2426 771 2475 utitur
786 2426 811 2474 in
824 2424 891 2477 Tusc.
907 2425 951 2478 lib.

80 2502 105 2537 v.
123 2493 181 2552 Leg.
197 2494 267 2536 Stoici
269 2493 359 2551 scilicet.
371 2493 464 2536 Minime
476 2507 484 2536 :
496 2491 535 2549 sed
545 2490 583 2548 tsti
594 2490 639 2538 erc.
656 2490 691 2536 sic
702 2494 822 2538 Heauton.
839 2493 950 2537 Minime:

76 2553 116 2615 fed
126 2565 173 2597 irat
183 2554 217 2598 hic
226 2569 279 2599 anus
289 2556 333 2606 &a
351 2556 467 2601 Muretus.
484 2551 660 2612 otoiciftilicet.]
674 2552 710 2601 Sic
720 2552 781 2600 olim
793 2550 880 2602 restitui
890 2568 950 2601 con·

82 2612 172 2674 jesturl
183 2612 274 2667 duetus.
290 2614 404 2664 mendum
414 2612 548 2663 videlicet}
564 2614 664 2664 librariis
677 2612 824 2679 scriptoribus
839 2616 954 2666 commis·

80 2670 148 2730 sum',
164 2678 219 2749 qui,
231 2694 276 2789 ἴω
287 2681 356 2728 Stoici
365 2679 459 2738 scilicit,
476 2677 597 2734 fecerunt,
612 2679 784 2739 Stoicrftilicerr
819 2677 905 2728 deiude
919 2694 952 2729 ex

80 2740 127 2789 hac
138 2738 221 2788 viriosa
241 2743 340 2804 criptura
351 2753 433 2790 natum
442 2740 488 2796 est,
504 2744 584 2788 Stoicis
594 2744 642 2787 licet
654 2773 662 2796 ,
678 2757 729 2789 non
740 2744 819 2790 minus
833 2741 951 2793 vitiosum.

82 2808 268 2861 verumtamen,
283 2804 326 2852 nisi
335 2804 406 2851 nimis
418 2806 491 2866 longe
503 2801 589 2852 abesset
599 2803 628 2852 ab
643 2805 741 2869 antiqua
751 2804 873 2875 scriptura,
889 2806 954 2853 mal-

80 2867 130 2915 lem
142 2866 210 2928 legi,
226 2869 296 2914 Stoici
301 2868 346 2927 soli
357 2874 368 2912 t
384 2869 479 2913 Minime
489 2868 533 2918 irc.
565 2867 630 2927 Quin
646 2866 695 2914 haec
708 2867 806 2916 forcalle
820 2866 884 2916 tetta
899 2862 954 2916 scri-

83 2942 151 2992 ptura
163 2928 214 2987 est,
232 2933 256 2979 δι
273 2945 323 2978 nou
339 2929 372 2978 ita
383 2929 456 2994 longe
470 2929 532 2978 abest
547 2928 576 2977 ab
592 2929 691 2991 antiqua
702 2929 817 2994 scriptura.
850 2944 907 2978 nam
922 2945 954 2993 ep

79 2994 210 3105 rvaissffisr‘f
225 2992 316 3042 fuitum
330 2993 454 3051 Stoicrfili:
476 2992 531 3041 hinc
547 2994 616 3039 Stoici
628 2992 727 3055 scilicet,
748 3006 787 3042 out
803 2995 883 3040 Stoicis
894 2995 953 3045 licor.

26 3068 40 3095 x
87 3060 149 3104 Lam
174 3071 225 3106 nus.

43 3108 51 3165 l
118 3126 155 3167 88.
171 3120 221 3177 Nr‘fi
229 3136 253 3164 ea
263 3117 494 3179 voluptatemaccr'rer.]
507 3118 553 3166 Pal.
565 3129 640 3180 quart.
646 3117 778 3179 voluptatem
787 3134 882 3169 macerer.
895 3118 954 3171 sext.

42 3190 53 3243 )
87 3181 197 3233 voluntate
205 3194 303 3229 maceret.
321 3194 351 3227 err
362 3196 392 3228 eo
404 3181 523 3244 ii‚quibus
535 3180 620 3230 dextre
631 3182 750 3244 pruriunt,
759 3179 830 3233 facile
840 3182 956 3243 feceriut,

26 3250 34 3261 ⁷
88 3247 196 3305 volsaprata
205 3246 306 3294 maderet.
325 3241 363 3292 sed
376 3260 420 3292 nos
434 3244 492 3293 nihil
503 3258 635 3293 movemus.
669 3247 754 3292 Gruter.

121 3315 156 3357 89.
175 3311 259 3368 Propter
269 3308 377 3354 oculorum
387 3311 500 3364 dolorem]
517 3313 577 3361 Aut,
594 3308 721 3362 oculorum,
736 3305 889 3372 depravatum
904 3309 957 3368 est,

26 3418 45 3435 fl
86 3382 126 3416 aut
140 3370 226 3417 Cicero
236 3366 277 3419 sbi
287 3385 336 3418 non
347 3370 452 3420 constat:
469 3384 526 3419 nam
537 3366 604 3419 Tusc.
617 3385 649 3420 11.
665 3369 806 3435 Dionysum
816 3371 879 3420 hunc
890 3368 958 3422 laboss

89 3446 184 3481 tantem
197 3446 322 3483 memorat.
356 3438 475 3483 P.Manur.

118 3512 158 3553 ρο.
174 3496 236 3561 Quis
244 3494 293 3545 vrri
303 3499 341 3547 lm
349 3498 455 3562 dr'dicrjsit
465 3498 523 3560 tro]
535 3495 722 3553 Nouabeuntab
730 3496 775 3550 hac
785 3495 960 3610 scripturargll.·

900 3575 961 3610 aco
