2318 3914
249 140 333 223 2456
443 138 505 205 De
528 138 615 204 Fan.
636 135 734 202 Bon.
755 153 806 200 nr
827 104 964 199 Mnn.'
1038 98 1041 115 Ι

109 238 114 244 ’
192 272 194 276 ·
247 247 376 334 uidemus
388 246 444 319 esse
458 249 609 326 quiddam,
629 247 708 336 quod
723 244 797 306 rede
810 246 916 334 laetum
937 249 1132 339 appellentur,

96 323 1129 478 tillut.littefldstlletslll...delituerint

118 536 122 546 ,
248 475 297 548 sit,
317 479 346 537 in
360 479 458 537 officiis
479 491 620 555 ponatur,
640 476 796 553 deposltum
816 476 953 537 reddere:
976 479 1030 540 illo
1054 487 1128 546 enim

99 554 365 624 runcantaddito,
382 554 470 630 juste,
490 557 573 614 rfactt
592 553 667 613 rene
688 553 794 613 saelum
811 572 819 611 ε
839 569 887 627 per
906 556 934 611 se
949 567 1053 618 autem
1074 563 1126 623 hoc

163 701 164 704 Ἴ
246 630 335 706 ipsum
349 632 463 691 reddere
491 634 519 690 in
534 632 629 690 officio
643 632 770 707 ponitur:
811 629 985 706 uoniamque
999 652 1067 696 non
1080 639 1128 699 dn·

247 706 324 765 bium
339 707 394 777 est,
415 709 482 785 quin
495 709 524 766 in
538 710 586 777 iis,
606 726 671 784 quae
685 707 776 766 media
791 647 925 776 dicimus,
945 706 980 765 fit
993 711 1075 773 aliud
1087 715 1126 782 su·

246 782 398 854 mendum,
418 785 491 844 aliud
504 785 702 860 rejiciendum:
717 782 857 860 quidquid
870 784 908 841 ita
928 781 962 842 fit
988 799 1043 857 aut
1061 789 1125 851 dici·

96 854 192 921 somni
246 872 306 928 tut,
328 863 491 920 ³communi
507 861 601 920 officio
615 863 782 920 continetur.
821 876 856 917 ex
877 876 937 936 quo
950 860 1124 942 intelligitur,

94 921 168 1027 ff·
180 920 206 970 ‘⁷
246 938 381 1012 quoniam
394 937 421 995 se
435 938 505 1014 ipsos
520 956 618 996 omnes
632 935 736 996 naturd'
751 936 890 1011 diligunt,
910 949 972 995 tam
994 940 1125 1018 insipien·

93 995 236 1106 :immet
246 1024 305 1070 tem
332 1013 418 1089 qulm
442 1014 609 1090 sapientem,
628 1014 800 1088 sumpturum
815 1028 879 1089 quae
903 1011 1066 1076 secundum
1078 1039 1123 1079 na·

93 1108 160 1157 Grae.
218 1100 335 1146 turam
351 1089 419 1159 sint,
439 1090 660 1166 rejedlurumque
674 1090 819 1148 contraria.
860 1087 901 1147 Ita
916 1089 956 1147 est
975 1095 1121 1168 quoddam

245 1181 399 1225 commune
414 1162 537 1226 officium
550 1167 675 1242 sapientis
701 1168 731 1224 dc
746 1165 903 1241 insipientis.
936 1183 973 1225 ex
986 1187 1053 1247 qno
1068 1172 1122 1233 effi-

245 1242 332 1312 citur,
352 1243 449 1302 versari
463 1246 491 1302 in
504 1245 555 1312 iis,
575 1261 640 1319 quae
654 1243 746 1301 media
762 1241 895 1300 dicamus.
919 1234 928 1250 ‘

197 1322 235 1380 60
283 1319 337 1378 Sed
352 1317 415 1377 clim
432 1320 464 1378 ab
477 1321 518 1377 his
533 1321 647 1378 tomnia
660 1316 864 1393 proficiscantur
878 1319 1121 1390 officia,nonfine

94 1406 106 1445 t
121 1394 217 1472 mediis·
245 1395 321 1454 causa
336 1395 450 1465 dicitur,
470 1396 505 1454 ad
521 1414 553 1454 ea
570 1395 663 1454 referri
676 1413 776 1454 omnes
799 1395 901 1455 nostras
915 1399 1119 1473 cogitationes:

95 1462 273 1530 ⁰¹¹¹¹¹¹²⁴1⁸iin
286 1473 328 1530 his
342 1473 372 1530 &
386 1471 524 1531 excessum
539 1469 555 1529 ὲ
569 1473 644 1541 vita,
659 1472 800 1530 &invita
815 1471 1004 1534 mansionem.
1022 1478 1120 1556 inquo

232 1549 320 1616 enim
336 1549 411 1623 plura
424 1549 485 1608 sunt
500 1592 509 1618 ‚
529 1566 594 1624 quae
607 1547 757 1607 secundnm
772 1562 898 1607 naturam
912 1549 976 1610 sunt
991 1592 1002 1617 ,
1039 1554 1120 1629 hujus

242 1625 366 1682 officium
383 1618 419 1683 esl
433 1627 461 1683 in
478 1627 532 1684 vita
549 1643 677 1695 manere:
698 1625 727 1682 in
741 1641 800 1700 quo
813 1637 907 1683 autem
923 1638 972 1685 aut
981 1627 1046 1687 sunt
1060 1631 1119 1706 plu·

241 1718 270 1758 ra
285 1703 436 1772 contraria,
455 1715 502 1760 aut
523 1702 584 1760 sore
604 1703 755 1768 videntur,
774 1700 854 1774 hujus
870 1702 1001 1761 ‘officium
1016 1704 1081 1776 est,
1099 1705 1118 1765 ὲ

241 1777 298 1835 vita
320 1779 462 1837 excedere.
501 1776 596 1854 equo
624 1791 760 1854 apparet,
793 1779 825 1836 δε
850 1777 972 1854 sapientia
993 1776 1049 1838 esst
1067 1782 1118 1840 ali-

241 1853 354 1926 quando
369 1856 510 1924 officium,
530 1855 664 1913 excedere
679 1853 764 1913 evita
780 1894 789 1922 ,
808 1852 873 1917 cium
896 1855 986 1915 beatus
1005 1854 1061 1915 fit:
1082 1858 1116 1918 &

241 1929 311 1988 stulti
326 1949 439 1990 manere
452 1934 480 1990 in
496 1933 568 1998 vita,
588 1931 653 1988 clim
667 1931 700 1989 stt
714 1931 802 1989 miser.
1122 1966 1127 1973 -

198 2010 232 2069 61
284 2007 359 2064 Nam
374 2009 479 2079 bonnm
500 2008 566 2066 illud
585 2009 615 2065 δε
631 2008 755 2076 malum,
768 2005 846 2083 quod
856 2006 932 2083 saepe
941 2007 1117 2084 Jamdiuum

94 2082 299 2168 ediledumest’
319 2086 411 2159 postea
426 2082 609 2160 consequitur.
648 2085 734 2159 prima
749 2097 841 2141 autem
853 2084 897 2142 illa
912 2096 1044 2156 naturae,
1063 2085 1118 2146 fite

95 2183 148 2230 us,
244 2158 378 2230 secunda,
397 2161 454 2219 site
463 2161 614 2228 contraria,
634 2159 681 2218 sub
695 2159 830 2234 judicium
844 2160 973 2236 sapientis
1000 2163 1033 2222 δι
1049 2163 1117 2223 'de-

109 2248 135 2306 ι.
154 2247 218 2295 cuu
242 2235 347 2294 lectum
361 2237 478 2296 cadunt:
500 2236 591 2313 estque
603 2237 647 2294 illa
658 2236 776 2312 subjecta
791 2237 866 2309 quafi
880 2239 1000 2297 materia
1015 2239 1117 2316 sapien·

241 2312 297 2369 tiae.
337 2313 429 2399 itaque
459 2316 488 2372 δε
515 2313 646 2372 manendi
674 2315 703 2371 in
733 2314 788 2371 vita
823 2315 853 2371 dc
880 2314 1022 2388 migrandi
1051 2318 1117 2376 ratio

241 2388 369 2446 omnibus
384 2392 414 2448 1is
430 2391 532 2460 rebus,
552 2407 617 2465 quas
633 2388 709 2464 supra
727 2389 801 2472 dixi,
821 2390 974 2450 metienda.
1014 2393 1117 2452 ⁶5narn

241 2482 334 2539 neque
347 2467 402 2536 iis,
430 2469 478 2543 qui
501 2469 601 2525 virture
622 2468 774 2524 retinentur
792 2468 822 2524 in
842 2467 923 2536 vita,
951 2486 1051 2546 neque
1070 2471 1117 2539 iis,

95 2557 114 2594 x
129 2545 215 2594 &elit
242 2541 360 2616 quisine
384 2544 483 2602 virtute
505 2542 589 2612 sunt,
610 2560 685 2601 mors
699 2542 736 2600 est
751 2542 917 2617 oppetenda.
936 2541 969 2585 ⁶⁶
976 2556 1036 2604 ¹ut
1047 2542 1116 2622 'saepe
1156 2549 1159 2612 l

93 2615 154 2682 yde
168 2621 219 2672 alti.
243 2619 367 2676 officium
382 2621 440 2678 aest
455 2620 596 2695 sapientis,
617 2619 761 2677 desciscere
776 2619 792 2676 a
807 2620 861 2677 vita
877 2661 886 2688 ,
906 2617 976 2679 cum
1002 2621 1037 2681 fit
1056 2623 1116 2682 bea·

142 2764 148 2776 ¹
240 2695 371 2766 tissimus,
393 2697 412 2755 si
427 2697 455 2756 id
470 2694 627 2772 opportune
642 2697 732 2754 facere
746 2694 841 2770 poffit;
861 2694 942 2772 quod
956 2697 999 2757 est
1012 2716 1113 2759 conte·

239 2773 348 2831 nienter
362 2787 467 2834 naturae
480 2775 583 2833 vivere.
621 2771 658 2829 stc
674 2775 748 2831 enim
764 2770 876 2830 censent
892 2814 901 2841 ,
921 2776 1113 2848 opportunita·

237 2849 271 2907 tis
285 2846 339 2908 elle
355 2850 433 2910 beate
449 2851 551 2909 vivere.
590 2850 684 2927 itaque
699 2849 715 2908 d
732 2849 860 2923 sapientia
882 2853 1051 2928 praecipitur
1064 2894 1074 2922 ‚
1089 2850 1113 2910 se

1018 2928 1097 3005 ipsam
1103 2969 1112 2999 ‚

269 3179 306 3228 65.
323 3177 381 3218 Nam
391 3186 456 3234 neque
467 3173 555 3236 iie‚qui
570 3174 653 3219 virtute
667 3172 784 3218 retinemur
801 3171 823 3215 r'n
833 3171 899 3224 vite,
912 3169 974 3229 dre]
987 3168 1110 3219 Lambini

189 3264 196 3277 .
237 3232 314 3282 isthac
324 3233 354 3282 de
364 3232 404 3280 suo
416 3232 476 3282 mide
487 3234 647 3299 interpolavit.
666 3246 690 3282 at
702 3231 831 3296 legendum
840 3245 903 3280 erat:
921 3249 975 3279 nam
990 3234 1110 3299 mque&-

234 3309 279 3343 me
291 3301 393 3343 retinetur
403 3299 425 3342 in
436 3300 493 3344 vira.
518 3299 550 3347 ita
562 3299 627 3346 enim
639 3297 687 3345 Pal.
702 3311 736 3360 pr.
749 3310 777 3343 ac
788 3308 863 3359 quart.
877 3294 1016 3361 alluditque
1025 3293 1110 3346 nemin

233 3373 299 3424 quo,
313 3376 378 3423 neque
390 3362 422 3418 is,
434 3363 474 3420 qui
483 3362 568 3408 virture
579 3365 690 3410 retinetur.
722 3362 816 3407 Gruter.

264 3431 302 3474 66.
320 3428 351 3471 Et
357 3424 409 3488 sepe
419 3423 510 3486 officium
522 3424 551 3485 est
558 3425 660 3488 sapientis
670 3422 781 3484 desciscere
793 3420 808 3468 ὲ
818 3425 889 3480 vite]
910 3427 948 3472 ltu
960 3423 1036 3487 plene
1044 3419 1077 3471 ά
1088 3416 1110 3466 'ss

221 3488 403 3563 manuscripto,
424 3486 470 3542 nist
480 3483 1025 3561 quodptodefeifterelmuetetlndnedltsin.
1050 3542 1135 3604 ‘W
