2318 3914
60 279 77 330 f
88 274 180 325 audito-

61 338 184 455 ῗιὲἰΡῙῑΙι.

208 103 288 190 2758
350 101 969 181 Turenuursrnrarruron
1095 102 1100 184 ἰ

133 273 139 286 ,
185 210 316 276 3fuiffe?
350 214 514 283 Quinetiam
535 213 669 283 arbitror,
702 226 815 290 propter
842 188 1101 297 Pythagoreorum}

212 288 444 360 admirationem,
470 293 596 350 Numam
609 307 725 368 quoque
747 308 841 365 regern
865 293 1101 367 frythagoreuu·

107 435 116 455 ·
214 363 445 438 apoteriortbus
466 367 660 435 existimatum.
700 378 788 425 snam
823 366 891 425 curn
928 369 1084 444 Pythagora

213 440 382 518 disciplinam
408 445 439 503 δι
468 443 585 515 instituta
623 443 846 518 cognoscerent,
880 446 1010 520 regisque
1037 448 1085 520 eju

213 519 374 593 aequitatem
395 520 424 578 dc
445 517 601 595 sapientiam
616 519 632 580 i
648 521 796 594 majoribus
818 518 870 579 suis
907 518 1085 594 accepiffent,

214 604 309 659 aetates
324 607 418 655 autem
432 597 462 654 dc
481 608 608 671 tempora
629 598 812 670 ignorarent,
838 608 957 670 propter
979 597 1086 657 vetusta·

213 682 291 739 tem,
311 688 395 740 eum,
414 673 463 747 qui
478 670 606 748 sapientii
621 671 783 745 excelleret,
800 672 972 747 Pythagorae
989 672 1086 732 audito·

215 763 277 806 rem
292 742 368 805 fuiffe
387 748 569 806 crediderunt.
973 754 979 766 '

255 821 292 881 H.
310 825 361 881 Er
384 843 428 881 us
448 825 606 898 conjediura
620 824 735 900 quidem
750 823 893 883 hedenus.
921 824 1033 900 vestigia
1046 841 1084 882 au·

217 911 276 966 tem
292 900 529 975 Pythagoreorum
557 918 727 976 quamquam
755 901 840 958 multa
857 900 955 975 colligi
969 899 1082 976 potsunt,

217 978 310 1049 paucis
325 989 420 1034 tamen
435 990 562 1045 utemur,
582 978 714 1051 quoniam
730 994 788 1034 non
804 975 832 1034 id
846 978 939 1049 agitur
953 978 1010 1034 hoc
1023 990 1083 1034 tem·

217 1068 294 1127 pore.
336 1070 401 1110 nam
419 1052 507 1112 rcum
522 1054 686 1111 carminibus
699 1053 768 1111 soliti
788 1053 827 1110 illi
848 1050 904 1109 elle
928 1052 1083 1111 dicantur&

218 1139 356 1202 praecepta
370 1128 498 1202 quaedanr
520 1128 653 1198 occultius
675 1129 804 1195 tradere,
825 1129 855 1186 δι
870 1142 982 1187 mentes
1004 1127 1082 1189 suasa

67 1213 211 1280 acroribus
220 1204 423 1276 cogitationum
451 1206 606 1265 intentione
642 1209 746 1271 scantu
772 1203 928 1280 fidibusque
960 1205 995 1263 ad
1022 1220 1084 1263 trau·

67 1281 121 1343 aas,

221 1279 383 1416 jmffitaoem
399 1280 564 1349 traduceret
583 1281 751 1357 graviffirnus
771 1279 868 1338 audior
889 1281 918 1338 in
935 1281 1082 1357 Originibus

240 1355 392 1426 ixithato,
414 1375 522 1417 morem
537 1358 609 1432 apud
624 1359 742 1433 majores
755 1358 831 1414 hunc
844 1357 990 1430 epularum
1006 1355 1081 1425 fuille,

221 1445 252 1501 ut
266 1430 411 1509 deinceps,
430 1435 478 1511 qui
492 1434 655 1506 accubarent
671 1476 680 1507 ,
701 1443 854 1509 tenuerent
870 1432 904 1511 ad
921 1434 1017 1493 tibiam
1039 1434 1081 1491 dr·

1004 1526 1083 1571 torum

211 1666 215 1674 '
256 1681 276 1720 ς.
294 1669 353 1712 Nam
368 1682 416 1712 eum
433 1667 552 1728 Prrtrgora
567 1663 739 1725 disciplinam&
757 1661 877 1723 instituta]
908 1666 970 1712 Tres
981 1662 1036 1712 rath
1045 1664 1082 1711 Va·

220 1727 294 1777 titan.
304 1727 421 1784 constitura.
435 1728 506 1778 talat.
513 1740 589 1792 quart.
600 1729 735 1789 disciplinam
746 1727 923 1785 &constitutam
939 1726 1018 1789 quint.
1027 1725 1082 1786 disci·
1123 1722 1125 1769 ἶ

218 1791 303 1901 ρὶὶηςη
314 1791 432 1900 canditum.
450 1791 537 1840 Melius
548 1789 651 1840 omnino
662 1790 792 1851 constituta,
807 1789 863 1853 quia
870 1790 960 1850 firncr'ta
971 1792 997 1841 d*
1004 1788 1080 1851 semaa
1123 1786 1125 1825 ἶ

225 1855 262 1900 Ge
280 1854 344 1901 har.
379 1852 381 1859 ’

254 1934 277 1974 4.
295 1923 346 1964 cnm
356 1919 483 1965 carminibus
488 1919 569 1978 soliti]
597 1913 728 1977 vestigium
741 1913 966 1979 Pythagoreorum,
986 1913 1050 1977 quod
1064 1912 1084 1965 itt

223 1980 293 2034 ltalia
304 1984 436 2043 Romaque
453 1981 588 2033 floruerint,
605 1978 629 2025 id
641 1980 771 2029 maximum
783 1975 828 2034 eil:
845 1975 903 2039 licut
920 1978 987 2027 enim
1003 1977 1085 2026 illicet·

226 2041 328 2090 minibus
343 2041 472 2105 fidibusque
486 2045 520 2092 uri
531 2040 636 2090 solebant
649 2074 656 2097 ‚
673 2039 703 2087 fic
720 2042 826 2088 Romani
844 2039 874 2087 ad
890 2039 977 2089 tibiam
992 2041 1086 2088 carmina

226 2106 375 2155 canebantur
388 2107 502 2155 conviviis
515 2139 522 2163 ‚
539 2105 622 2168 quibus
639 2106 754 2152 clarorum
770 2104 874 2152 virutum
892 2103 976 2152 laudes
990 2103 1088 2151 contine·

226 2158 331 2217 bantur:
351 2169 508 2232 l’yrhagorlcis
518 2171 595 2222 enim,
612 2180 636 2214 ut
647 2166 723 2227 inquit
734 2166 834 2227 Quintil.
846 2167 871 2212 in
890 2180 927 2214 rx.
945 2166 1020 2213 motis
1035 2163 1088 2220 luit,
1121 2158 1125 2209 l

227 2230 283 2278 cium
294 2232 329 2279 evi
348 2230 440 2283 ilaslenr
451 2232 544 2280 animos
556 2230 585 2278 ad
597 2229 674 2293 lyram
686 2234 787 2277 excitare
802 2261 810 2285 ,
826 2229 875 2291 quo
891 2228 968 2277 efl'ent
983 2229 1013 2276 ad
1029 2241 1090 2292 agen·
1122 2224 1125 2235 “

226 2288 283 2339 dum
295 2307 333 2359 ere
358 2294 438 2358 ioresj,
461 2295 486 2343 ἃ
498 2293 553 2351 citm
567 2292 676 2341 somnum
687 2303 812 2354 peterent,
834 2291 932 2340 adeam
949 2291 1012 2359 priua
1028 2292 1090 2339 lenire

226 2360 336 2408 mentes,
351 2352 404 2404 tufi
419 2356 476 2416 quid
490 2353 568 2404 fulilet
584 2354 737 2403 turbidiorum
754 2354 950 2417 cogitationum,
966 2367 1089 2416 compone·

225 2430 286 2466 reor.
319 2416 386 2484 idern
398 2419 479 2477 audior
495 2416 528 2466 est
545 2418 570 2466 in
586 2425 603 2466 t.
626 2417 782 2483 Pythagoram
798 2419 931 2467 concitatos
945 2416 975 2467 'ad
993 2418 1042 2465 uim
1055 2430 1090 2481 yu-

225 2478 282 2527 dieae
297 2480 346 2536 iam
363 2479 445 2529 domui
460 2478 606 2529 offerendam
623 2482 717 2542 iuuenes
735 2482 828 2526 murato
845 2493 916 2526 cantu
933 2477 1089 2542 composuille.

225 2542 256 2590 de
268 2541 353 2591 mulica
365 2544 499 2607 Pythagora
511 2541 586 2600 scribit
607 2542 740 2591 Macrobius
757 2543 780 2589 in
804 2557 835 2590 tt.
848 2543 872 2589 in
887 2542 1015 2591 Somnium
1038 2542 1089 2605 scip.

225 2606 360 2654 Marcianus
371 2619 467 2669 quoque
476 2609 500 2657 in
511 2607 572 2654 libro
583 2604 612 2652 de
623 2603 711 2653 Mulica
723 2602 754 2651 src
770 2605 845 2667 inquit
858 2620 864 2650 ε
883 2608 1012 2666 l'rtbagorer'
1024 2608 1089 2652 docar-

224 2686 260 2723 rc,
271 2668 375 2727 ferociam
385 2673 455 2716 animi
464 2672 525 2715 tibiis
537 2683 575 2714 aut
582 2669 664 2728 fidibus
675 2669 792 2716 ›nottientes
804 2700 812 2723 ,
828 2685 876 2713 cum
892 2669 1014 2732 corporibus
1029 2668 1091 2715 adle-

225 2748 271 2781 τινι
280 2748 355 2778 nerum
362 2732 434 2790 surdus
446 2735 575 2778 animarum.
591 2731 698 2781 Beroald.

258 2810 279 2848 5·
297 2801 395 2841 cancrent
406 2797 434 2842 ad
444 2798 539 2852 tibiam.)
555 2793 660 2842 Eundem
677 2790 868 2842 cousuetudinem
879 2807 910 2843 ex
926 2797 1026 2843 Catone
1043 2807 1089 2843 me·

227 2857 329 2914 moravit
342 2858 428 2906 Nosser
438 2858 478 2906 lib.
488 2871 506 2906 r.
531 2856 598 2906 Tusc.
610 2854 673 2919 Disp.
687 2872 737 2920 cup.
748 2872 770 2905 2.
802 2855 841 2904 Est
852 2856 923 2911 reto,
940 2857 1009 2920 quod
1022 2856 1092 2905 osteo·

226 2918 281 2974 dat,
298 2920 470 2981 antiquissimos
482 2923 605 2967 Romanos
619 2912 711 2968 illalnd
729 2916 881 2981 Pythagoreis
898 2935 949 2967 uon
966 2916 1092 2982 accepill'er

227 2997 284 3030 nam
308 2982 331 3030 hi
349 2983 403 3032 sani:
421 2983 471 3045 lytd
487 2982 635 3037 urebantur,
666 2983 691 3029 δι
711 2986 752 3032 rie
776 2983 913 3029 Μ’ΛΟΤΣ
936 2983 1092 3039 durudustatrr

226 3046 338 3101 duareno
360 3064 384 3092 nr
408 3051 445 3093 uari
464 3042 606 3104 πανηγυρικὴ
624 3078 631 3098 ,
662 3041 700 3090 tul
723 3043 817 3101 dispari}
838 3045 965 3103 ὶλευθὲριοι
986 3045 1024 3094 rit
1045 3039 1094 3103 ἶχπ

227 3108 301 3165 ἔχειν,
318 3121 341 3154 ut
354 3109 385 3154 ait
396 3105 542 3169 lamblichus
558 3108 599 3160 vit.
622 3106 718 3169 Pythag.
736 3114 758 3165 t.
773 3121 824 3154 ext.
857 3101 930 3163 'Certe
947 3106 1028 3155 cascos
1042 3106 1090 3153 illos

227 3184 281 3227 euru
295 3169 438 3232 Philosophis
451 3170 536 3216 italicis
547 3170 637 3217 nullum
650 3168 739 3231 prorsus
751 3162 855 3217 lrabuille
874 3172 1048 3219 commercium
1061 3182 1093 3217 ar·

226 3245 342 3343 gungeuro
352 3231 392 3288 tit,
408 3231 588 3295 quodomnium
600 3229 773 3298 disciplinatum
784 3233 876 3283 fuerunt
889 3231 1021 3296 spernaces,
1038 3231 1093 3283 uine

228 3300 271 3371 lau
288 3309 328 3343 enr

362 3370 444 3413 Poem'co
458 3369 510 3414 bello
521 3368 609 3428 secundo
624 3367 689 3427 Musa
707 3369 795 3428 pinnato
807 3368 880 3430 gradu

361 3434 438 3505 (attriti
448 3432 472 3499 se
487 3432 605 3497 bellicosam
620 3434 645 3483 in
659 3433 752 3492 Romuli
762 3444 845 3499 gentem
857 3431 949 3509 {mama
1061 3504 1090 3555 m

770 3516 772 3521 ’
1043 3509 1059 3565 ⁴l
1081 3558 1087 3567 .
