2318 3914
201 138 745 222 Lrnanuannus.
830 116 935 220 2275'

48 241 123 313 enim
137 247 312 317 adsccnditis:
333 247 361 306 Si
374 245 428 307 tale
444 244 534 317 visum
548 243 690 320 obtectum
705 239 768 300 esta
784 240 839 302 deo
853 243 918 305 dor·

48 329 147 390 mienti
156 371 170 399 ,
183 341 214 386 ut
227 325 367 402 probabile
381 322 429 392 sit,
450 336 498 380 cur
513 338 573 379 non
585 322 669 381 etiarn
684 328 716 376 ut
733 317 813 378 valde
826 319 920 380 verisi-
1037 396 1040 402 ,

49 403 137 464 mile?
156 405 204 462 cur
218 400 319 462 deinde
332 417 410 468 non,
429 412 460 456 ut
471 395 645 456 difficimera
664 411 733 452 vero
753 396 920 456 intemosca-
964 391 989 445 P·
1009 395 1038 447 1-
1068 459 1071 464 ,

51 479 123 540 tut?
142 479 283 547 bdeinde,
300 489 331 536 ut
344 493 382 534 ne
401 473 598 533 internoscatur
618 471 760 548 quidemr
778 453 944 548 polirernbb
959 470 1070 536 ‘mm'

51 568 84 616 ut
97 557 164 616 nihil
176 559 247 616 inter
259 556 318 613 hoc
332 554 362 612 &
384 550 449 610 iliud
468 548 572 609 interfit
589 547 601 606 ?
621 548 688 606 Huc
702 546 896 625 fipetteneris
912 531 1055 635 ,mm

52 649 100 692 tue
118 634 169 692 tibi
210 634 313 690 timum
334 627 457 705 quidque
477 624 677 695 concedente,
705 641 803 684 meum
821 627 922 687 vitium

52 710 144 769 fuerit.
182 649 292 782 Kniple
305 717 352 764 tua
365 703 460 780 sponte
475 698 650 780 procedens,
669 713 761 761 tuum.

92 787 165 861 Quis
179 784 257 842 enim
270 781 319 841 tibi
333 781 456 850 dederit,
474 791 523 839 aut
538 779 634 838 omnia
655 777 740 837 deum
754 775 831 855 polle
846 800 855 847 ;
876 792 923 855 aut
933 786 969 845 50
1002 778 1008 791 ·

51 863 91 922 ita
105 862 244 920 facturum
258 856 333 927 elle,
352 856 371 915 fi
385 857 465 934 poffit
480 855 492 915 ἓ
533 855 661 914 uomodo
675 868 769 914 autem
784 855 926 927 sumis,ut,

54 937 76 997 fi
91 937 162 1024 quid
176 935 223 993 cui
236 933 320 993 fimile
333 929 388 992 effe
402 933 499 1010 poffit,
512 875 662 1009 (icquarur,
681 943 713 990 ut
735 933 819 1015 etlam
841 933 926 991 inter·
1018 994 1025 1011 ⁸

49 1014 136 1074 nolci
150 1010 293 1070 difficiliter
305 1009 407 1087 poffit?
426 1009 551 1076 deinde,
570 1019 601 1066 ut
619 1019 676 1067 cne
696 1008 843 1067 internosci
864 1011 924 1086 qui·
934 1008 1044 1110 {nm}

56 1085 147 1149 dem?
166 1085 322 1164 postremo,
341 1101 373 1145 ut
385 1084 481 1144 tidem
497 1083 550 1143 fit?
570 1095 619 1153 ut,
639 1083 728 1160 silupi
749 1084 860 1144 canibus
874 1085 926 1145 ell·
936 1118 952 1166 d
967 1121 1052 1173 eadem

57 1165 153 1224 miles:
173 1163 288 1222 eosdem
302 1163 376 1222 dices
388 1162 424 1221 ad
436 1174 603 1221 extremum.
630 1161 666 1218 Et
681 1161 794 1237 quidem
808 1156 927 1237 lpo'neliis
937 1181 983 1233 sm,
992 1180 1046 1235 pm,

56 1241 155 1308 fimiiia
167 1239 229 1298 sunt
241 1239 371 1319 quaedam
385 1257 444 1298 non
458 1238 570 1297 honesta
584 1280 593 1307 ,
613 1238 643 1295 ὃ(
659 1237 737 1296 bonis
756 1256 815 1296 non
836 1239 950 1311 bona-,e
964 1245 1069 1319 tintliu.

57 1321 90 1377 &
103 1313 253 1376 artificiosis
267 1313 385 1374 minime
400 1313 550 1373 artificiosa.
589 1313 655 1448 auid
677 1313 831 1374 dubitamus
845 1316 926 1391 igitur
937 1310 1022 1374 tamt„
1057 1338 1060 1343 ¹

57 1395 196 1453 affirmate
222 1392 290 1451 nihil
318 1393 390 1450 inter
417 1391 479 1449 haec
500 1392 587 1449 intere
609 1389 650 1447 e?
677 1391 722 1449 Ne
751 1394 930 1467 repugnantia
1015 1430 1018 1437 -

56 1469 174 1549 quidem
189 1466 336 1528 videmus?
356 1467 425 1526 nllril
438 1467 475 1526 est
490 1469 565 1526 enim
581 1510 590 1536 ,
608 1465 686 1600 {pund
705 1465 741 1525 de
759 1466 808 1525 suo
828 1484 930 1543 genere

57 1549 89 1606 in
103 1545 178 1604 aliud
210 1563 276 1604 enus
292 1545 430 1619 transferri
443 1543 538 1619 polilt.-
569 1555 596 1601 at
620 1562 630 1600 1
644 1543 795 1601 efficeretur
810 1585 819 1614 ‚
839 1557 869 1601 ut
888 1545 932 1604 ln,

58 1634 105 1680 ter
117 1621 172 1680 visa
185 1563 372 1680 differentium
386 1637 521 1696 generum
534 1619 602 1678 nihil
614 1614 763 1678 intereliet:
780 1621 932 1699 reperiren-

65 1711 191 1773 turuuae
204 1700 233 1757 δι
250 1700 278 1757 in
291 1698 341 1756 suo
355 1712 456 1774 genere
472 1693 573 1765 client,
593 1697 623 1753 &
637 1697 665 1753 in
678 1695 778 1757 alieno.

102 1773 191 1850 Quod
203 1774 262 1846 fieri
275 1773 326 1850 qul
341 1770 450 1848 potest?
470 1774 600 1859 ompium
615 1771 714 1830 deinde
722 1772 846 1832 inanium
860 1773 975 1845 vilo-51

63 1866 128 1909 tum
143 1848 331 1925 uuadepulfio'
340 1849 394 1919 est,
413 1849 470 1907 five
483 1849 527 1907 illa
543 1849 712 1923 cogitatione
722 1849 930 1921 informantur,

64 1926 144 2004 quod
159 1924 218 1985 fieri
231 1926 317 1984 solere
332 1925 529 1992 concedimus3
550 1923 650 1983 sivein
665 1925 758 2001 quiete
773 1968 782 1995 ,
808 1925 864 1984 five
883 1944 932 2002 per

64 2004 183 2070 vinum,
202 2001 259 2061 five
279 2020 327 2077 per
339 2001 482 2061 insaniam.
520 2018 585 2060 nam
601 2000 635 2059 ab
648 2001 776 2060 omnibus
798 2002 937 2078 ejusdem·

66 2078 149 2139 modi
162 2077 225 2137 vilis
273 2078 473 2154 rspicuitatem,
492 2095 577 2154 quam
594 2075 732 2135 mordicus
744 2089 840 2136 tenere
854 2079 938 2138 debe·

67 2172 149 2225 mus,
168 2153 219 2212 abe
240 2157 402 2213 edicemus.
440 2155 510 2229 Quis
524 2154 624 2223 enirn,
644 2155 708 2211 ctlm
730 2153 777 2212 sibi
796 2152 876 2231 fingit
889 2156 939 2214 ali-

68 2230 143 2308 quid
164 2233 194 2289 dt
219 2232 387 2306 cogitatione
402 2231 541 2307 depingit,
561 2248 637 2300 non,
664 2229 781 2288 7¹s1mul
794 2248 826 2289 ac
840 2232 867 2289 se
881 2233 937 2308 ipse
958 2238 961 2243 '

69 2307 231 2366 commovit
250 2321 332 2384 arque
358 2306 393 2365 ad
413 2307 440 2366 le
460 2307 626 2377 revocavit,
645 2305 725 2366 sentit
765 2306 814 2366 uid
833 2308 937 2370 interfit

68 2382 293 2516 interpers¹picua
313 2385 343 2442 δι
363 2384 482 2442 inania?
502 2383 608 2443 Eadem
620 2384 690 2441 ratio
704 2325 939 2447 estiomniorum.
987 2436 991 2441 .
1059 2404 1062 2409 ·

69 2475 141 2518 num
157 2476 208 2517 cen
220 2477 247 2518 er
260 2461 383 2518 Ennium
400 2501 408 2526 ,
428 2457 493 2518 cum
515 2463 543 2518 in
564 2461 649 2519 hortis
670 2475 735 2518 cum
757 2461 813 2520 Ser.
834 2462 939 2532 Galba,

69 2537 165 2593 vicino
181 2533 460 2605 su0,ambulaviffet,
480 2533 597 2606 dimise,
617 2534 697 2594 Visus
715 2536 774 2594 sum
789 2537 858 2596 mihi
873 2556 939 2599 curn
1010 2558 1012 2562 ⁴

74 2611 162 2671 Galba
176 2611 335 2673 ambulare?
355 2615 413 2684 At,
433 2611 498 2672 ciam
511 2613 683 2684 somniavit,
700 2615 738 2672 ita
751 2616 870 2675 narravit
884 2636 892 2674 ι

853 2691 945 2767 ‚Vt-

104 2863 143 2906 ιι.
160 2851 260 2899 simulac
264 2851 340 2914 seipse
349 2856 486 2913 commovit]
514 2859 537 2904 ο
554 2854 614 2905 tima
629 2853 746 2915 ltemhec
762 2866 812 2905 erat
823 2850 942 2918 scriptura.

71 2913 224 2977 Rorerbium
236 2914 318 2963 tritum
331 2913 438 2968 sermone
448 2917 496 2982 lple
505 2918 529 2966 in
539 2869 582 2970 ltu.
589 2918 643 2968 ιιι.’
652 2918 682 2968 de
692 2922 794 2966 Oratore
804 2913 835 2965 fic
845 2919 941 2968 extulitr

71 2979 170 3025 Facilius
179 2977 208 3038 est
217 2992 333 3026 trementem
343 2982 432 3027 incitare
442 2981 510 3045 quim
519 2999 648 3029 commovere
657 2984 795 3045 languentem.
811 2984 841 3029 Et
858 2985 945 3031 Lucte-

74 3040 120 3089 tius
132 3039 173 3091 lib.
181 3055 216 3090 tv.
234 3045 290 3104 Ergo
301 3044 399 3099 animus,
415 3045 493 3103 cumse
503 3058 632 3100 commovet,
647 3059 672 3091 ut
682 3046 737 3091 velit
754 3048 806 3100 ire,
815 3058 870 3091 cum
876 3045 942 3103 dicit,

75 3101 119 3177 qni
129 3103 205 3155 verius
217 3102 292 3168 potest
303 3102 425 3178 ostendere
436 3105 546 3180 terbum,
561 3109 677 3181 commovit
691 3103 785 3180 hicelse
794 3106 891 3159 uerbum
902 3122 946 3185 ap:

74 3162 220 3277 tillidi
230 3166 763 3295 lltlmbtlffttttlintitul}
774 3170 948 3297 {tullii

73 3289 123 3338 ade
135 3292 220 3363 Manis
226 3292 256 3341 ad
266 3291 356 3342 bellum
366 3293 635 3357 profecturus,manem
641 3296 822 3360 precabatur,ut
830 3296 947 3360 vigilaret.

74 3356 156 3403 neco
168 3366 213 3402 ratu
223 3355 246 3404 le
263 3355 336 3405 endus
347 3358 436 3407 Servius
446 3357 476 3405 ad
486 3355 545 3406 illud
557 3362 664 3408 Maronis
676 3358 690 3410 e
701 3359 741 3409 lib.
749 3374 798 3409 vu.
816 3367 867 3407 cnm
875 3363 949 3422 ,trinu

75 3422 163 3464 movent
171 3419 196 3463 in
204 3372 278 3492 grafia
289 3422 390 3469 Martem.
407 3421 432 3470 dt
443 3421 513 3470 initio
523 3420 564 3471 lib.
574 3436 634 3472 tm.
652 3418 683 3473 ad
691 3417 752 3472 illud
760 3438 767 3470 ι
774 3428 848 3487 thue
857 3424 947 3483 impulit

75 3492 147 3535 ma.
180 3483 243 3532 Hunc
253 3480 286 3533 est
296 3480 356 3534 tttud
367 3483 455 3545 Plauti,
472 3491 524 3534 cunr
533 3499 581 3535 mu
590 3486 779 3550 commovisaqa,
798 3490 823 3536 Ρ.
832 3483 914 3598 Ἑιὶκὲ.

797 3584 803 3595 ,
831 3561 870 3606 72.
904 3562 950 3595 om·
