2318 3914
227 128 306 195 2312
409 107 608 173 Acanuu.
629 86 942 189 Quasaronou

224 234 318 290 nem,
338 220 405 280 ficut
422 222 466 280 ille
480 238 544 288 me,
563 221 609 280 vel
621 220 698 298 quod
711 223 748 280 ita
759 219 873 295 judico,
901 219 1094 297 politiffimuni

224 299 254 354 &
268 298 450 357 acutiflimum
471 299 599 357 omnium
622 299 722 357 nostrae
743 298 888 355 memoriae
914 297 1094 373 philosopho

220 390 293 433 rum.
313 375 401 451 aquo
415 373 535 450 primdm
551 393 665 451 quaero,
685 392 742 449 quo
756 373 869 432 tandem
885 373 978 433 modo
993 372 1029 432 fit
1042 375 1095 450 ejus

225 449 406 521 Academiae,
426 455 503 526 cujus
516 451 542 509 se
556 448 610 508 effe
625 447 809 526 profiteatur?
828 450 870 506 Ut
883 451 1022 510 omittam
1036 452 1093 511 aria

174 572 176 579 .
226 525 290 584 haec
304 528 386 597 duo,
406 527 440 585 de
460 528 557 603 quibus
577 528 688 602 agitur,
707 529 767 602 quis
788 543 922 600 umquam
946 526 1022 586 dixit
1035 538 1099 591 Ι111

225 605 326 661 veteris
341 603 502 662 Academiae
518 646 526 672 ,
546 617 592 662 aut
605 605 848 678 Peripateticorum
864 600 876 658 1
897 600 943 660 vel
958 603 989 660 id
1005 601 1094 663 solum

229 680 333 754 percipi
367 677 423 737 offe
438 722 446 748 ,
466 679 542 754 quod
556 675 620 737 ‘erret
633 697 729 736 verum
744 679 812 747 tale,
832 679 912 754 quale
926 678 1031 736 falsum
1044 676 1094 739 effe

228 772 288 813 non
302 699 409 830 pofiet:
430 756 474 813 vel
493 756 643 830 sapientem
664 756 731 813 nihil
752 752 885 830 opinari?
904 753 983 812 certe
1000 773 1094 814 nemo.

225 830 328 888 horum
350 846 478 890 neutrum
499 843 562 890 ante
582 831 729 911 Zenonem
751 848 919 907 magnopere
948 830 1095 891 defensum

227 906 273 964 est.
312 924 365 982 ego
377 921 472 967 tamen
487 921 634 985 utrumque
648 925 745 966 verum
759 921 843 983 puto:
863 924 916 965 nec
938 907 1010 966 dico
1025 920 1094 967 tem·

228 983 303 1117 poris
316 983 408 1043 causi:
427 984 523 1044 sedita
542 983 622 1060 plane
644 985 741 1059 probo.
778 984 848 1043 lllud
861 984 933 1041 serre
946 1001 1013 1043 non
1034 984 1094 1062 pos·

240 1077 297 1118 um.
372 1086 375 1091 ¹
443 1098 448 1109 =
508 1103 510 1110 .

171 1134 225 1190 ¹¹4
264 1136 395 1194 XXXVI.
421 1135 501 1206 To,
531 1135 604 1195 c'irn
627 1154 673 1195 me
694 1138 838 1211 incognito
857 1132 977 1195 assentiri
999 1149 1094 1209 umet,

150 1224 154 1231 ‘
225 1211 309 1289 idque
322 1212 502 1288 turpiffimum
523 1211 586 1289 elle⁴
596 1213 667 1272 dicas
694 1216 723 1271 ὅ(
744 1213 927 1287 pleniffimum
949 1215 1094 1274 temerita·

224 1289 274 1357 tis,
295 1300 401 1347 tantum
415 1290 463 1348 tibi
478 1307 602 1365 arroges,
622 1302 652 1347 ut
668 1306 787 1364 exponas
801 1288 970 1368 disciplinam
986 1280 1093 1366 sapien

226 1364 291 1435 tiae,
309 1378 434 1423 naturam
448 1382 538 1423 rerum
559 1366 685 1423 omnium
710 1365 846 1433 evolvas,
865 1381 958 1424 mores
981 1364 1093 1443 fingas„

225 1438 293 1499 fines
307 1441 445 1499 bonorum
462 1440 654 1516 malorumque
670 1440 830 1509 constituas,
849 1440 939 1498 officia
947 1440 1093 1514 describas,

223 1534 308 1594 quam
323 1519 408 1575 vitam
433 1517 565 1591 ingrediar
591 1515 723 1574 definias:
743 1517 873 1591 idemque
894 1517 981 1574 etiam
1003 1517 1094 1595 dispu-

225 1593 300 1651 tandi
328 1594 356 1651 &
384 1592 550 1669 intelligendi
572 1593 708 1668 judicium
730 1593 801 1651 dicas
820 1606 848 1650 te
889 1592 1091 1655 &artificium

224 1669 400 1727 traditurum:
421 1669 558 1745 perficies,
568 1680 598 1726 ut
612 1668 735 1743 ego,ista
749 1668 954 1727 innumerabilia
962 1670 1092 1747 comple·

222 1743 315 1813 ciens,
334 1763 469 1822 nusquam
488 1743 584 1803 labar?
604 1745 671 1803 nihil
690 1743 813 1818 opiner?
832 1763 896 1819 quae
916 1744 1037 1805 tandem
1059 1764 1091 1807 ea

218 1819 260 1877 est
273 1820 424 1896 disciplina,
443 1820 477 1879 ad
490 1837 574 1895 quam
587 1839 634 1878 me
648 1820 782 1889 deducas,
801 1818 821 1878 fi
834 1822 867 1878 ab
879 1821 932 1878 hac
952 1821 1091 1883 abstraxe·

75 1938 92 1987 1³
108 1927 187 1989 Atque
221 1895 282 1954 ris?
302 1914 417 1964 vercor,
436 1914 472 1955 ne
492 1897 694 1971 subarroganter
716 1897 820 1965 facias,
840 1896 861 1954 fi
883 1897 985 1955 dixeris
999 1911 1088 1960 tuam.

75 1991 163 2042 1111
221 1973 317 2050 ratqui
331 1973 368 2031 ita
389 1971 460 2031 dicas
478 1969 585 2029 necesse
606 1970 652 2031 est.
689 1972 790 2048 Neque
804 1970 872 2044 vero
885 1984 917 2030 tu
929 1971 1023 2044 solus,
1042 1974 1087 2035 sed

76 2055 152 2103 Lami.
224 2065 270 2108 me
284 2049 318 2108 ad
332 2048 406 2106 suam
420 2049 534 2124 quisque
548 2049 642 2123 rapiet.
985 2098 987 2103 .

113 2178 118 2191 ,
165 2135 215 2191 115
262 2128 346 2199 Age,
366 2124 483 2183 restitero
504 2124 708 2199 Peripateticis,
727 2125 776 2200 qui
789 2122 835 2182 fibi
850 2141 914 2182 curn
930 2126 1085 2187 oratoribus

75 2222 92 2270 q
108 2207 188 2261 dicunt
222 2201 416 2275 cognationem
432 2198 502 2268 csse,
522 2201 569 2275 qui
582 2200 667 2258 claros
683 2202 755 2258 viros
772 2199 788 2257 1
809 2199 835 2257 se
857 2200 1002 2260 1111116111
1022 2203 1086 2262 adi·
1108 2218 1113 2225 ·

75 2274 197 2345 multaedd.
223 2288 285 2335 cant
300 2277 496 2351 rempublicam
508 2276 580 2352 saepe
602 2273 695 2334 rexisse
711 2293 718 2330 ε
744 2276 890 2334 sustinuero
905 2276 1083 2350 Epicureos,

41 2350 52 2363 '
220 2363 264 2413 tot
277 2370 354 2410 ineos
368 2352 511 2424 familiares
527 2395 536 2423 ,
555 2365 612 2410 tam
627 2353 731 2421 bonos,
750 2364 805 2409 tam
828 2353 898 2410 inter
918 2351 944 2408 se
958 2366 1084 2415 amantes

219 2429 308 2487 viros:
329 2438 357 2484 42
366 2427 493 2487 Diodoto
507 2429 573 2503 quid
587 2431 686 2486 faciam
708 2428 825 2497 Stoico,
846 2445 928 2504 quem
952 2425 969 2484 a
994 2447 1082 2504 puero

92 2511 116 2559 r.
132 2502 335 2563 xxixaudivi?
354 2506 401 2578 qui
416 2522 527 2562 mecum
542 2506 611 2563 vivit
625 2519 667 2562 tor
688 2504 801 2562 annos?
820 2506 868 2578 qui
888 2503 991 2562 habitat
1010 2504 1083 2580 apud

223 2579 290 2639 me?
310 2583 442 2653 quem&
455 2581 575 2638 admiror
592 2623 599 2649 ,
619 2583 649 2638 dc
663 2578 773 2652 diligo?
793 2584 840 2654 qui
860 2579 906 2636 isla
922 2580 1083 2641 Antiochea

221 2655 395 2716 contemnit?
415 2657 529 2727 Nostra,
547 2658 669 2734 inquies,
688 2655 742 2714 sola
757 2655 900 2714 verasunt.
939 2654 1024 2747 Certe
1039 2657 1112 2794 ἓν.

1072 2777 1082 2804 Ι

221 2936 224 2940 “
252 2951 290 2993 42·
307 2935 402 2982 Diodoro
413 2934 466 2995 quid
472 2931 555 2990 faciam
564 2932 654 2990 Stoica]
666 2928 774 2981 Habuifie
784 2930 923 2981 Ciceronem
935 2926 1082 2981 1111118111-

220 3011 273 3044 eum
286 2997 451 3061 philosophiam
460 2994 640 3057 confiat,qui&
651 3009 723 3042 eacus
733 2995 800 3043 suerit
807 3029 813 3051 ,
820 2999 846 3044 δι
857 3009 963 3044 mortuus
973 2994 1042 3043 domi
1052 2992 1084 3043 ir·

219 3053 277 3113 Iius,
286 3063 319 3108 ,δι
330 3062 370 3121 qui
384 3059 500 3125 reliquerit
516 3054 557 3120 ipsi
568 3058 597 3104 ad
608 3061 713 3113 centies,
730 3056 823 3106 filoeus
839 3073 888 3106 oon
904 3057 935 3105 est
953 3046 1094 3107 mendosus·

219 3122 249 3170 ad
265 3123 377 3170 Atticum.
411 3121 454 3170 Sed
473 3121 534 3168 hunc
548 3121 847 3175 comminationum,
869 3121 903 3168 vir
914 3119 1086 3177 dofitiffimus,

219 3186 283 3243 eujus
293 3199 364 3247 nuper
374 3183 502 3232 luculentas
512 3181 680 3244 explicationes
693 3184 822 3232 multorum
832 3184 940 3232 locorum
954 3182 980 3231 in
992 3180 1084 3249 s'csiptis

218 3248 380 3295 Ciceronianis
395 3248 477 3294 allatas
490 3259 520 3292 ex
534 3243 602 3293 ltalia
617 3245 726 3296 vidimus.
758 3251 780 3294 Is
796 3246 866 3311 igitur
881 3246 930 3295 vult
947 3245 1012 3295 Diod

217 3307 278 3358 hune
297 3307 362 3356 fuisse
376 3311 526 3370 appellatum.
560 3309 668 3355 Alterum
689 3322 767 3357 autem
778 3322 882 3356 veterem
894 3308 1047 3372 Peripatetico
1061 3310 1065 3319 “

216 3372 347 3419 auditorem
358 3368 614 3426 Critolai,l)iodorum.
631 3370 714 3420 Fuit&
725 3371 770 3420 hoc
781 3370 1057 3437 vetustioroiodorue,q
1114 3416 1117 3425 .

215 3432 348 3487 dialestieut
368 3434 393 3486 δι
409 3434 484 3498 Κρόνος
499 3434 715 3497 cognominaretur.
749 3441 828 3487 (onir.
996 3443 1005 3463 ·
