2318 3914
160 108 410 184 ‘Line-n
451 74 760 205 Quen-rus.
853 140 933 210 2309

101 228 192 297 Hoc,
209 227 313 304 inquit,
334 227 420 304 ipsum
445 227 601 303 impediet,
621 228 698 304 qubd
720 226 834 296 statuet,
854 245 889 285 ne
903 227 933 286 id
948 235 1005 299 109,

53 295 185 383 «quidem
201 346 210 373 ‚
227 304 305 380 quod
325 306 446 378 probet,
467 301 543 379 polle
565 307 673 380 percipi.
712 303 794 376 hJam
816 303 883 362 istuc
904 295 958 367 te⁴¹
974 292 1082 347 ΨΜ

67 395 187 457 quoque
206 379 339 455 impediet
364 380 394 439 in
415 379 571 455 navigando
598 381 628 438 ὃ(
647 383 677 440 in
690 377 891 449 ‘conserendm
905 359 1068 468 inssffffl·

68 469 162 513 uxore
176 456 300 515 ducenda
316 499 325 523 ,
345 457 374 514 in
393 455 482 514 liberis
494 456 691 531 procreandis,
710 456 887 531 plurimisque
906 456 952 532 inp
967 456 1066 532 simp„

70 531 181 601 rebus,
198 533 339 608 inquibus
361 531 428 589 nihil
448 528 582 608 sequere,
602 543 700 606 praeter
719 530 864 605 probabile.
901 530 996 596 Eram.
1064 594 1069 603 ,
1108 530 1113 541 ’

72 617 170 666 tamen
183 606 250 666 illud
274 607 402 665 usitatum
436 608 555 683 &saepe
576 607 747 682 repudiatum
763 608 861 674 refers,
880 624 940 666 non
994 658 998 664 .

72 694 107 741 ut
121 682 289 758 Antipater,
310 683 379 752 sed,
398 695 428 742 ut
443 685 503 752 ais,
523 683 639 758 preffilu.
677 701 742 740 narn
763 682 941 756 Antipatrum

73 759 271 832 reprehensum
299 758 376 833 quiid
388 760 505 827 diceret,
526 760 740 819 consentaneum
755 754 808 816 elie
822 759 873 829 ei,
892 759 942 835 qui

76 828 251 902 affirmaret,
277 835 344 893 nihil
363 834 437 910 polle
458 835 681 910 comprehendi„
700 832 834 909 idipsum
847 832 943 893 saltem
1047 854 1054 867 ¹

77 906 173 969 dicere
189 908 264 983 polle
278 911 491 985 comprehendi:
510 912 586 988 quod
607 910 655 986 ipsi
674 910 819 970 Antiocho
839 906 942 985 pingue

78 985 226 1043 videbatur
244 989 273 1044 ὃ(
295 986 341 1044 fibi
361 987 536 1046 contrarium.
575 1006 633 1046 non
649 990 723 1045 enim
738 985 826 1060 potest
840 1003 946 1045 conve·

79 1061 190 1119 nienter
205 1063 279 1131 dici,
299 1062 365 1121 nihil
377 1063 576 1138 comprehendi
598 1059 672 1137 polle
688 1105 696 1130 ,
723 1061 843 1136 fiipsum
864 1078 946 1121 com·

81 1138 218 1212 prehendi
249 1137 304 1197 olle
319 1139 428 1197 dicatur.
465 1140 512 1197 illo
529 1140 617 1204 modo
631 1139 719 1214 potitis
733 1149 810 1215 putat
823 1141 968 1212 turgeu-1<
979 1145 1091 1211 urguent

84 1212 155 1270 dum
170 1215 208 1271 fui
231 1233 245 1271 e
260 1215 447 1274 Carneadem:
468 1215 532 1273 ciam
545 1216 668 1290 sapientis
681 1215 786 1273 nullum
801 1213 943 1274 decretum
953 1210 1006 1275 Ψ·

83 1287 138 1347 else
167 1290 269 1365 polilt,
297 1290 346 1349 nist
367 1290 620 1366 comprehensum,
640 1304 798 1365 perceptum
815 1332 822 1358 ,
850 1293 946 1367 cogni·

85 1376 165 1433 tum;
187 1378 216 1423 ut
229 1367 284 1424 hoc
297 1367 384 1440 ipsum
401 1369 568 1435 decretum,
588 1367 665 1441 quod
678 1365 801 1441 sapientis
815 1363 947 1436 essetmt
1002 1406 1007 1415 ·

84 1440 124 1499 hil
138 1438 214 1515 polle
227 1443 343 1517 percipi,
364 1443 492 1502 fateretur
516 1441 568 1501 elle
587 1454 757 1517 perceptum.-
795 1444 947 1516 37proinde

40 1520 48 1557 :-
86 1516 163 1650 quali
177 1516 278 1592 sapiens
292 1519 398 1576 nullum
412 1520 484 1578 aliud
505 1520 646 1580 decretum
666 1519 785 1587 habeat,
806 1517 872 1578 38&
890 1519 947 1578 ime

40 1595 42 1632 :
108 1592 203 1651 ecretis
218 1596 302 1652 vitam
317 1613 396 1669 agere
410 1597 497 1671 poffit.
794 1666 797 1671 ¹
1049 1606 1058 1613 ''
1085 1602 1088 1611 '

130 1662 183 1726 Sed
198 1682 228 1728 ut
242 1670 286 1729 illa
299 1670 381 1729 habet
400 1672 568 1747 probabilia,
595 1690 653 1732 non
667 1684 794 1748 percepta
808 1713 817 1741 ,
836 1670 874 1731 fic
891 1672 947 1733 hoc
959 1693 1012 1737 rto

40 1750 42 1757 '
88 1741 195 1819 ipsum,
214 1746 281 1804 nihil
294 1744 368 1820 polle
380 1749 490 1823 percipi.
527 1748 627 1807 narhfi
646 1749 674 1807 in
687 1749 742 1807 hoc
762 1747 962 1808 hibernico-1
979 1761 1078 1820 recogn

86 1820 346 1895 guirionis-notam,
366 1822 463 1883 eidem
477 1835 597 1883 uteretur
611 1826 640 1884 in
653 1825 757 1885 ceteris.
782 1840 865 1900 quam
879 1820 1009 1901 quo-¹1⁸·

49 1924 54 1930 ·
87 1897 167 1972 niam
183 1898 335 1956 nonhabet
351 1942 359 1967 ,
379 1902 462 1957 utitur
475 1901 661 1975 probabilibus.
699 1901 795 1976 Itaque
816 1917 874 1960 non
890 1920 950 1961 me·

88 1973 168 2041 tuit,
196 1990 230 2031 ne
253 1975 423 2033 confundere
443 1975 538 2035 omni'a
558 1976 681 2035 videatur
707 1977 736 2034 &
766 1977 869 2034 incerta
888 1977 950 2037 red·
1029 1992 1035 2005 ·
1072 1998 1075 2005 ⁴

91 2047 167 2107 dere.
206 2067 264 2106 non
280 2052 373 2119 enirn,
392 2051 629 2128 quemadmodum
646 2095 654 2120 ,
675 2052 852 2127 fiquaefitum
866 2070 900 2110 ex
914 2071 952 2137 eq

92 2123 149 2192 fir,
169 2125 302 2195 stellarum
318 2145 448 2186 numerus
470 2144 516 2202 par
541 2146 578 2187 an
590 2128 679 2204 impar
693 2128 744 2186 srt:
765 2127 857 2198 item,
878 2127 897 2186 sr
916 2129 952 2188 de
985 2192 989 2199 ,

94 2198 191 2259 officio
218 2201 363 2278 multisque
387 2202 442 2262 aliis
463 2205 498 2262 de
524 2205 625 2273 rebus,
664 2206 692 2263 in
717 2205 813 2279 quibus
835 2202 970 2264 versatur
1002 2218 1005 2223 ·

93 2279 311 2354 exercitatusque
325 2278 373 2348 fit,
393 2280 494 2338 nescire
508 2279 534 2338 se
548 2278 627 2341 dicat.
665 2281 693 2339 in
708 2281 815 2339 incertis
829 2282 902 2340 enim
911 2282 1097 2354 nimum.

94 2353 136 2412 hil
151 2352 187 2410 est
200 2355 353 2427 probabile:
373 2357 401 2412 in
416 2357 511 2431 quibus
526 2370 618 2416 autem
632 2356 685 2437 est,
705 2358 734 2416 in
748 2357 788 2414 his
801 2357 952 2437 nondeerit

94 2428 227 2505 sepienti,
245 2448 299 2488 nec
312 2432 406 2508 mquid
419 2434 515 2502 faciat,
535 2450 587 2492 nec
602 2434 696 2510 mquid
708 2432 876 2509 respondeat.
912 2511 942 2570 N
960 2461 985 2496 m
1000 2446 1067 2510 quod

124 2508 127 2513 Δ
943 2515 1040 2570 em·

132 2708 171 2747 ³⁷.
188 2696 279 2742 Proinde
287 2676 434 2759 quafisapienr
444 2699 501 2759 dcss]
511 2700 555 2750 Hic
565 2701 631 2750 locus
640 2701 754 2752 corraditur
764 2701 809 2760 est,
825 2704 850 2753 δι
879 2704 959 2755 uidem

99 2755 178 2811 varie,
194 2760 350 2831 nequicquam
363 2762 426 2809 enlm
439 2776 488 2811 erat
504 2765 628 2827 integer&
641 2779 739 2828 apertus.
770 2717 894 2828 repetenda
904 2783 959 2817 ran·

99 2829 153 2866 tum
165 2833 260 2881 negatio
267 2821 322 2931 ¹post
334 2825 456 2884 copulam,
473 2830 506 2878 dr.
539 2826 638 2876 limitem
651 2827 754 2892 eclipsim
765 2828 922 2891 notavisupra
931 2833 958 2880 iu

101 2880 150 2928 illis
162 2883 250 2933 verbis.
277 2887 411 2947 apientique
423 2886 475 2935 satis
487 2888 522 2940 stt.
555 2906 590 2938 res
601 2891 634 2938 est
644 2895 715 2939 etiam
727 2891 867 2938 confirmata
877 2906 959 2941 errem·
978 2906 982 2912 ’

98 2943 146 3004 plis
167 2945 274 3006 pluribus.
306 2947 426 2996 Ciceronis
438 2949 487 2998 sunt
503 2954 584 3001 leviter
596 2954 739 3002 Antiochum
758 2952 958 3013 reprehendentis,
1042 2983 1046 2991 =

99 3004 168 3064 qma
179 3007 198 3053 is
215 3006 300 3057 diceret
315 3026 391 3059 novos
402 3011 557 3063 Academicos
572 3016 618 3064 hoc
634 3031 706 3064 unum
721 3015 838 3070 decretum
854 3016 956 3073 habere,

100 3081 157 3116 curn
173 3068 283 3120 baberent
302 3073 377 3120 multa
391 3075 454 3130 alia,
476 3074 514 3124 sed
529 3091 557 3125 ea
573 3077 705 3140 probabilia
712 3077 806 3133 modo,
820 3092 869 3127 non
885 3082 958 3130 etiam

101 3144 219 3195 percepta.
252 3139 277 3181 P.
286 3138 358 3184 Faber.

137 3202 173 3266 {⁸-
189 3192 219 3243 Et
228 3196 272 3251 fine
282 3199 368 3244 decretis
380 3200 449 3246 viram
458 3216 516 3262 agera
525 3218 567 3249 non
589 3201 649 3264 affin]
671 3208 698 3250 ln
714 3205 808 3252 Venetis
818 3207 915 3270 negatio
925 3206 958 3257 est

101 3253 228 3314 emiliam
240 3258 303 3321 quod
311 3261 472 3309 annotandum
481 3267 571 3326 putavi,
583 3281 635 3313 cum
641 3265 664 3313 id
670 3266 959 3330 probareturfinedeeretis

100 3333 153 3393 non
164 3318 276 3380 poffe,ne
287 3321 413 3397 sapientem
424 3327 519 3386 quidem
527 3328 728 3392 ‚vitamagere,id
739 3327 783 3376 est:
791 3331 858 3389 μηδὲν
868 3337 959 3393 tbppaa·
1015 3356 1021 3365 ν

102 3382 206 3452 crearer.
240 3398 273 3430 uae
284 3401 348 3434 enrm
361 3387 408 3436 hnc
419 3391 466 3436 rita
477 3387 547 3440 ess'etl
563 3390 602 3442 sed
619 3393 645 3442 iu
660 3392 696 3442 his
707 3391 776 3441 illum
788 3393 860 3442 etiarn
872 3395 958 3459 proba·

99 3441 159 3495 iulia
170 3399 293 3512 vurtiequr
304 3449 397 3503 cicero.
431 3458 535 3503 camerar.

859 3533 897 3578 29.
913 3525 959 3568 ura
