2318 3914
215 135 405 200 hrrrs
446 129 736 219 Trsnrrt'rs.
838 141 917 210 2711

39 258 166 322 propter
196 244 399 306 fimilitudinem
433 259 583 319 corporum
604 257 760 316 aegrorum,
780 243 921 317 aegritudi-

54 339 124 380 nem
146 325 365 381 nominaverunt.
401 320 457 378 hoc
478 317 685 396 propemodum
715 316 801 376 verbo
822 318 916 378 Graeci

55 415 175 456 omnem
189 399 273 458 animi
286 397 518 473 perturbationem
536 392 680 469 appellant.
701 446 703 451 .

10 494 20 547 s
95 475 207 534 Vocant
220 476 296 533 enim
317 475 420 540 adire,
440 471 489 529 hid
502 471 562 539 est,
582 470 729 538 morbum,
747 465 942 546 iquicunque2
947 499 962 560 3

10 590 17 609 -.
53 549 93 607 est
107 563 200 609 motus
214 553 242 609 in
257 552 352 609 animo
372 548 515 612 turbidus;
536 563 587 603 nos
600 543 696 603 metius
714 564 724 602 s
744 546 821 620 aegris
841 549 941 607 enimi:
956 558 981 607 id
991 558 1025 610 est

10 648 16 685 ;
54 627 216 700 corporibus
231 626 364 684 simillima
380 624 418 682 est
430 624 516 682 animi
538 621 681 695 aegritudo.
720 631 746 674 ³⁷
760 636 788 679 at
808 640 868 680 non
883 622 914 682 sr-
924 623 1065 698 dnstfnus.

10 706 14 761 ἓ
44 700 128 760 milis
143 704 328 777 aegrotationis
343 701 381 759 est
393 700 494 770 libido,
513 700 594 756 ¹‘non
607 696 789 755 immoderata
802 697 896 756 laetitia
906 699 933 767 ,¹
948 685 1031 757 quibos

52 793 121 852 quae
136 777 173 835 est
186 779 312 853 voluptas
332 777 416 835 animi
444 777 514 834 elata
540 777 570 833 &
598 774 721 848 gestiens.
757 773 811 847 ipse
833 752 1066 860 etiamssuffgnhfffg

10 876 13 915 :
53 863 147 911 metus
160 871 219 912 non
233 853 269 911 est
283 854 372 912 morbi
387 853 539 912 admodum
561 849 651 909 similis
667 893 675 919 ,
695 867 863 925 quamquam
879 869 952 917 ae·,r
962 877 986 920 ,·,
997 877 1049 923 MS,

23 980 27 987 .
49 929 185 1003 'gritudini
199 930 236 988 est
248 928 396 997 finitimus,
415 928 462 987 sed
477 925 603 1004 proprie,
623 940 653 985 ut
661 928 805 1001 aegrotatio
818 930 846 984 in
855 945 914 984 cor·
926 950 975 983 non
982 934 1066 986 mode·

10 1032 12 1067 :
54 1020 144 1081 pore,
164 1005 200 1064 fic
213 1006 346 1080 aegritudo
361 1006 516 1070 inanimo,
535 1020 640 1061 nomen
662 1004 743 1062 habet
758 1021 816 1060 non
830 1001 917 1077 sejun·
927 1011 977 1045 rata
987 1002 1036 1049 ‘dd-

57 1081 135 1139 oum
150 1081 167 1140 a
181 1082 286 1140 dolore.
325 1081 425 1140 doloris
445 1082 525 1155 igitur
547 1080 627 1153 hujus
647 1082 726 1155 origo
740 1079 819 1138 nobis
833 1074 979 1154 expli-vm·

10 1168 42 1237 y·
56 1157 146 1215 canda
168 1158 229 1226 est,
255 1157 359 1226 idest,
378 1155 455 1215 causa
479 1156 597 1214 efficiens
613 1155 802 1231 aegritudinem
817 1157 844 1212 in
860 1156 919 1213 ani-

10 1244 16 1305 ξ
58 1248 133 1301 mo,
153 1247 295 1309 tamquam
329 1232 539 1307 aegrotationem
571 1233 599 1289 in
625 1250 749 1306 corpore.
787 1249 871 1300 nam,
891 1244 923 1291 ut

10 1326 17 1377 i
59 1308 182 1376 medici,
202 1309 279 1366 caru
291 1310 381 1368 morbi
394 1307 530 1375 inventi,
550 1309 719 1367 curationem
749 1304 802 1367 effe
822 1309 921 1367 inven-

10 1384 14 1451 ζ
57 1396 239 1459 tamputant:
260 1385 296 1443 src
311 1383 464 1452 nos,caui”a
479 1383 644 1460 aegritudinis
664 1384 785 1460 reperta,
805 1384 921 1444 meden-

10 1476 21 1539 ς·
59 1459 90 1517 di
104 1460 261 1518 facultatem
277 1463 449 1535 reperiemus.

10 1548 17 1605 ζ
100 1535 151 1592 XI.
170 1536 241 1594 Esr
261 1554 408 1595 rorrurr
427 1534 503 1595 causa
524 1538 614 1596 omnis
641 1536 669 1594 in
691 1537 847 1611 opinione,
867 1538 967 1595 nec24

58 1611 129 1670 verb
151 1613 313 1686 aegritudinis
327 1612 432 1683 solbm,
450 1612 592 1671 sedetiam
607 1612 768 1687 reliquarum
791 1615 920 1673 omniurn
961 1601 984 1648 Ρ·
1005 1601 1032 1649 ⁸·
1065 1654 1067 1659 ·

10 1720 13 1727 ·
58 1687 313 1764 perturbationum:
333 1706 398 1766 quae
426 1689 487 1747 sunt
510 1706 610 1764 genere
633 1701 784 1762 quattuor,
804 1690 921 1763 partibus

10 1816 23 1829 .,
47 1764 157 1840 plures.
195 1782 260 1823 nam
276 1765 339 1823 cbm
355 1768 446 1823 omnis
459 1764 622 1840 perturbatio
637 1763 668 1821 srt
679 1765 765 1822 animi
776 1778 868 1824 motus
878 1767 921 1824 vel

10 1860 13 1871 ·
57 1842 171 1898 rationis
187 1859 299 1915 expers,
319 1841 363 1898 vel
377 1842 512 1900 rationem
526 1839 665 1913 aspernans
675 1881 682 1906 ,
692 1840 736 1897 vei
749 1842 847 1898 rationi
862 1859 920 1899 non

10 1948 12 1953 ·
60 1916 217 1987 obediens,
238 1919 314 1992 isque
336 1929 428 1974 motus
448 1930 495 1974 aut
523 1917 590 1974 boni
622 1928 667 1972 aut
696 1915 775 1979 malis
788 1918 920 1989 opinione

57 1991 199 2049 ¹citetur:
226 1993 350 2051 bifariam
380 2004 508 2066 quattuor
537 1990 750 2067 perturbationes
783 1991 938 2065 aequaiiterl
954 1990 1058 2068 concite·

17 2122 22 2127 .
59 2066 237 2126 mdistributae
251 2068 322 2128 sunt.
339 2085 404 2128 nam
418 2066 549 2125 duaesunt
564 2084 598 2125 ex
613 2068 744 2140 opinione
758 2065 841 2126 boni:
856 2058 1026 2203 Παλ-ΝΜ·

58 2160 126 2201 rum
149 2143 253 2217 altera,
273 2143 398 2221 voluptas
418 2144 553 2219 gestiens,
572 2142 674 2210 idest,
695 2156 792 2229 praeter
806 2161 855 2202 mo
876 2162 923 2202 um
932 2116 1049 2229 ffiffl'

59 2219 134 2276 elata
148 2219 242 2278 laetitia
262 2263 272 2291 ,
297 2222 430 2299 opinione
450 2219 584 2296 praesentis
605 2220 696 2291 magni
715 2219 826 2294 ahcujus
840 2219 923 2280 boni:
934 2245 988 2298 MS.

62 2292 186 2354 38altera
208 2297 363 2374 cupiditas,
388 2314 454 2375 quae
473 2294 547 2356 recte
568 2293 613 2355 vel
631 2295 716 2361 libido
739 2296 793 2356 dici
813 2295 923 2374 potest:

861 2390 927 2451 quae

99 2587 137 2624 ³7·
155 2578 193 2619 Ar
203 2591 242 2620 non
251 2575 329 2632 fimitis
340 2575 476 2632 arrotsrs'om's
488 2573 608 2633 putida]
620 2574 924 2628 Mirbvariaotinbocloco

62 2633 141 2683 nostri
151 2635 219 2686 codd.
232 2637 323 2686 secund.
338 2640 434 2700 agritudo
446 2657 470 2684 ac
484 2655 524 2685 non
536 2639 612 2696 fimitis
623 2643 735 2701 agrorarr'o.
746 2652 798 2690 terr.
809 2653 884 2702 quart.
902 2656 926 2686 a:
1010 2640 1012 2645 ’

62 2713 108 2743 non
116 2695 197 2752 similes
207 2704 351 2760 agrotats'ones.
374 2700 411 2759 Est
421 2702 484 2747 libido
496 2702 642 2750 immodestia.
659 2703 734 2764 quint.
753 2710 790 2748 ,Αε
802 2721 840 2749 uon
846 2705 927 2760 fimilr's
979 2704 984 2713 '

63 2762 173 2819 agrotatr'o
187 2761 224 2816 est·
253 2765 317 2808 libido
332 2766 387 2809 enim
404 2767 543 2810 immoderata
557 2764 601 2815 &u
619 2763 737 2814 Gebhard.
765 2776 819 2814 tum
834 2777 887 2814 tert.
899 2779 927 2815 ac

55 2821 145 2886 quart.
158 2824 230 2872 tatas.
244 2822 299 2873 facit
309 2826 385 2874 codex
395 2825 539 2890 Luparenfis.

97 2893 135 2940 38.
151 2887 237 2932 Altera
246 2889 363 2955 cupiditas,
375 2905 418 2952 qua
432 2888 484 2936 retie'
499 2892 536 2935 uel
551 2889 616 2935 libid·
626 2890 671 2936 ds‘cs'
682 2886 746 2952 potest
756 2913 783 2928 -ι
792 2890 873 2936 rationi
885 2908 927 2938 nors
990 2926 993 2933 .

62 2949 224 3009 obtemperans]
239 2953 341 3012 Uterque
355 2957 445 3001 dianus.
461 2951 570 3001 Lambin.
589 2953 613 3000 δι
631 2952 670 2999 alii
687 2952 839 3014 complures,
855 2955 924 2999 attera

63 3013 103 3058 vel
114 3013 220 3073 cupiditas
230 3014 282 3060 retie'
294 3017 329 3059 vei
340 3015 405 3061 iibido
416 3017 461 3061 dici
468 3015 551 3076 porests
565 3025 589 3060 at
600 3014 702 3061 codices
717 3027 767 3061 tam
783 3028 855 3061 manu
866 3029 923 3063 era·

64 3073 112 3122 rati
127 3072 200 3136 quam
217 3077 279 3138 typis
294 3077 353 3124 olirn
365 3076 439 3124 excufi
449 3092 522 3134 eam,
537 3091 610 3138 quam
621 3076 693 3140 Janus
707 3076 844 3125 Gebhardus
856 3077 924 3126 euhi-

65 3136 107 3184 bet
120 3169 126 3191 ,
141 3134 275 3200 scripturam
291 3137 469 3201 representans,
483 3155 527 3189 nec
541 3152 621 3187 tamen
637 3139 677 3186 ilia
693 3141 760 3187 omni
776 3141 834 3188 vitio
851 3154 920 3190 cares.

66 3203 273 3260 Reponomtsrra,
288 3204 392 3263 cupiditas
405 3218 449 3264 qua
464 3204 517 3250 reue·
527 3205 563 3248 vet
573 3203 640 3248 tibias
650 3204 695 3247 dici
702 3203 772 3264 potest.
789 3206 923 3266 Utcumque

66 3259 116 3315 iit,
137 3264 283 3314 monendum
299 3266 323 3313 in
339 3266 444 3328 quinque
459 3266 515 3314 Pali.
534 3279 561 3312 ac
576 3264 631 3313 edit.
654 3269 736 3313 Vener.
751 3281 817 3323 ¹4⁹1·
832 3267 925 3316 Erasm.

65 3322 147 3386 Ssepb.
159 3325 210 3387 post
215 3330 353 3391 obtemperans
364 3329 432 3376 hasce
443 3342 512 3375 voces
523 3328 591 3385 adjici
598 3342 654 3389 ,qua
665 3330 700 3373 vel
711 3331 814 3387 cupiditas
825 3329 878 3375 reite¹
887 3331 924 3376 vel

66 3388 136 3434 libido
146 3389 191 3434 dici
200 3391 275 3450 posesi3
289 3392 313 3439 in
327 3391 424 3439 Petrenii
435 3392 490 3439 verb
500 3405 632 3454 pronomen
639 3404 687 3437 non
698 3404 826 3464 comparet.
842 3396 926 3439 Nemo

64 3465 118 3501 non
131 3449 193 3502 videt
203 3465 242 3504 ers
251 3456 297 3507 elic
306 3454 503 3520 supervacaneas,
525 3454 550 3502 δι
566 3466 595 3500 ex
613 3452 719 3518 margine
732 3468 758 3502 m
768 3468 860 3505 textum
872 3456 928 3501 irre·

476 3518 525 3566 LI!
539 3518 576 3566 itt
591 3514 614 3564 ll
629 3530 649 3583 5r
850 3514 928 3580 pinse,
