2318 3914
237 97 429 164 Ltaett
471 88 765 169 Tartarus.
855 118 939 189 2749

48 210 118 353 rm
132 214 259 275 accusare
273 216 398 291 quamvis
414 214 526 290 copiose
539 216 613 276 licet.
650 227 678 273 ²5
687 236 753 278 nam
770 218 800 277 bc
813 218 863 293 qui
876 237 937 279 nort

66 306 205 360 ertantur,
225 288 273 367 ipfi
286 290 322 349 ad
336 291 473 351 miseriam
495 295 614 352 invitant
635 314 643 353 r
671 296 701 353 ὅ(
716 294 764 367 qui
784 293 845 353 suos
864 296 938 355 casus

48 370 139 437 aliter
153 371 261 436 ferunt,
280 380 364 443 atque
379 381 410 427 ut
430 369 555 427 auslotes
577 371 633 429 aliis
654 370 704 445 ipsa
722 372 858 438 fuerunt,
876 389 936 431 non

48 444 123 505 [unt
144 443 295 505 vitiosiores
341 442 407 503 uim
431 444 490 503 fere
514 446 657 521 plerique,-
676 446 724 522 qui
738 448 811 504 atati
825 463 939 516 aratos,

51 522 162 603 gloriae
178 520 293 595 cupidos
313 463 425 595 gsoriofi
452 523 665 595 reprehendunt.
703 522 741 580 est
769 523 846 580 enim
873 540 939 596 pto·

80 599 155 657 rium
168 597 288 655 stultitiae
311 598 429 655 aliorum
443 599 510 655 vitia
531 610 663 667 temere,
682 598 804 657 oblivisci
816 598 938 659 suorum.

54 616 118 735 §ed
132 674 265 733 nimirum
279 675 336 731 boc
351 675 505 732 maximum
522 675 560 733 est
575 677 825 750 mexpenmentnm
842 716 851 742 ,
871 674 934 735 ciam
945 685 981 740 74

55 753 171 821 constet
186 749 381 825 aegritudinem
395 750 528 809 vetustate
538 752 616 820 tolli,
635 754 707 811 banc
727 753 786 809 vim
807 760 867 809 non
881 750 967 811 ellem
983 746 1061 809 ⁶¹1³st-

55 818 89 905 ῆι]
106 827 175 886 ndie
190 826 329 901 positam,
350 825 434 885 ²⁶sed
454 828 483 885 ln
504 830 674 907 cogitatione
696 828 831 887 diuturna.-
870 808 1060 919 narnflndfss.dum

49 898 83 975 si
98 905 129 961 &
141 903 240 962 eadem
256 921 296 961 res
310 904 363 973 est,
384 904 414 961 &
427 902 503 963 idern
518 904 555 961 est
569 906 676 963 homo:
697 904 746 981 qul
761 904 959 982 potestquid·n
974 906 1041 983 die'm

49 995 153 1238 quam
169 979 205 1039 de
220 980 317 1039 dolore
331 980 450 1047 mutari,
470 979 490 1037 st
504 996 596 1055 neque
610 982 645 1040 de
659 998 715 1050 eo,
733 992 846 1055 propter
860 983 937 1057 quod
946 1000 1017 1047 trac.

83 1057 161 1124 olet,
180 1057 332 1132 quidquam
346 1056 384 1114 est
398 1069 555 1126 mutatum,
573 1068 666 1132 neque
683 1060 721 1121 de'
740 1074 800 1123 eo,
820 1060 867 1132 qui
888 1059 940 1117 do·

74 1131 133 1203 et?
153 1135 287 1207 cogitatio
299 1133 382 1208 igitur
404 1132 556 1201 diuturna,
582 1134 650 1193 nibil
671 1130 726 1193 esse
746 1135 776 1193 in
797 1150 826 1191 re
856 1136 940 1205 mali,
977 1157 982 1169 ·

61 1206 159 1282 dolori
174 1209 318 1278 medetur,
338 1228 398 1268 non
411 1208 467 1284 ipsa
480 1208 651 1269 diuturnitas.

48 1287 69 1339 ’,.
105 1286 212 1343 XXXI.
230 1285 307 1343 Hic
329 1303 421 1345 nint
448 1284 566 1345 afferunt
586 1288 798 1345 mediocritates.
837 1286 943 1363 quaest

62 1361 203 1425 naturales
223 1361 309 1430 sunt,
336 1360 403 1436 quid
432 1378 502 1435 opus
530 1362 567 1421 est
602 1360 818 1423 consolatione?
845 1378 941 1423 natura

49 1439 168 1497 naeniam
186 1436 240 1512 ipsa
253 1437 410 1497 terminabit
424 1438 553 1497 modum.
590 1437 629 1497 fin
650 1438 824 1516 opinabiles,
843 1442 963 1512 opinioo
978 1449 1045 1501 eninr

48 1524 130 1592 stota
144 1513 261 1573 tollatur.
297 1512 358 1573 satis
377 1512 482 1575 dissum
505 1513 559 1573 elle
579 1516 716 1585 arbitror,
749 1511 1090 1591 agritudinemdrerrntcr.

48 1588 126 1661 telle
140 1590 304 1665 opinionem
318 1590 384 1649 mali
405 1589 543 1665 praesetltis
559 1633 568 1659 ,
587 1593 616 1650 iri
642 1610 697 1667 qua
718 1593 855 1668 opinione
873 1593 940 1651 illud

63 1665 156 1739 infit,
175 1676 206 1725 ut
227 1665 419 1741 aegritudinem
439 1666 570 1743 suscipere
591 1681 728 1743 oporteat.
769 1668 888 1727 Additur
907 1669 942 1728 ad
954 1688 987 1749 ῖς

63 1744 144 1815 hanc
157 1741 349 1802 definitionem
363 1742 380 1799 a
394 1743 512 1801 Zenone
527 1742 621 1812 resle',
637 1744 669 1803 ut'
687 1744 731 1803 illa
752 1745 849 1819 opinio
870 1762 941 1821 prae-

48 1818 153 1894 „sentis
174 1819 240 1876 mali
258 1817 291 1876 fit
310 1833 414 1876 recent.
451 1818 507 1876 hoc
527 1831 622 1877 autem
644 1820 759 1881 verbum
782 1819 819 1878 fic
832 1821 962 1893 timer-p
976 1830 1091 1896 interpre-

63 1904 208 1975 pretatur,
227 1903 258 1950 ut
271 1910 331 1965 nort
343 1891 451 1951 tantum
465 1892 530 1953 illud
550 1912 645 1953 recens
666 1892 720 1953 esse
731 1907 746 1949 a
756 1896 843 1964 velit,
863 1898 1090 1973 quodtantutffl·

66 1968 166 2048 paullo
186 1968 249 2028 ante
268 1968 420 2037 acciderit,
439 1968 508 2040 sed,
534 1970 620 2046 qu‘am
641 1969 689 2029 diu
708 1972 738 2028 in
760 1971 808 2030 illo
829 1960 979 2047 opinatos·
1022 2018 1028 2031 .

67 2046 152 2109 malo
165 2046 205 2103 vis
218 2044 348 2121 quaedam
363 2044 443 2114 infit,
463 2047 493 2103 &
512 2047 603 2121 vigeat
618 2089 626 2115 ,
646 2049 676 2105 &
690 2046 788 2104 habeat
802 2018 1058 2130 quandamspffi‘
1080 2050 1097 2083 ·²

66 2122 258 2191 uiriditatem,
276 2120 399 2180 tamdiu
419 2122 570 2197 appelletur
590 2140 706 2182 recens:
735 2135 765 2181 ut
777 2124 960 2191 rArtemisia,
971 2143 1082 2193 annm,

48 2198 117 2260 -illa
134 2240 143 2266 ‚
162 2198 305 2266 Mausoli,
326 2197 416 2256 Cariae
437 2197 530 2273 regis,
559 2216 654 2266 uxor;
683 2216 748 2276 quae
770 2200 864 2258 nobile
877 2199 1003 2259 iludatrr.

71 2269 256 2336 Halieamaffi·
276 2276 343 2334 fecit
361 2272 526 2351 sepulcrum.
563 2275 698 2353 quamdiu
718 2275 810 2345 vixit,
831 2276 906 2413 vqxict}
917 2278 947 2337 in

861 2368 878 2410 u
908 2371 945 2425 u,

107 2632 145 2673 ις.
162 2623 219 2665 Nam
230 2617 256 2669 sa
266 2618 306 2676 qui
316 2634 356 2664 non
365 2616 484 2673 sanantur,
500 2619 541 2678 ipfi
549 2618 603 2663 alios
614 2617 760 2677 admiserim
770 2618 876 2664 invitant.
905 2619 944 2665 Ita

73 2682 211 2735 Manutius,
227 2680 289 2727 male
299 2678 400 2742 prorsus:
419 2694 475 2728 nam
491 2681 597 2740 quinon
613 2679 716 2727 admittit
733 2678 943 2733 consolationem,

74 2758 127 2793 non
136 2742 216 2791 slatim
227 2741 337 2791 dicendus
347 2742 379 2792 est
388 2744 488 2793 invitare
498 2744 558 2790 alios
568 2742 598 2788 ad
609 2741 733 2789 miseriam.
765 2740 893 2794 Victorius,
903 2740 944 2800 ipfi

72 2808 104 2853 ad
120 2807 230 2864 mifira'ttm
245 2809 358 2860 invitant,
374 2806 456 2854 male:
479 2806 547 2867 culpa
563 2804 657 2852 librarii.
691 2809 759 2852 Meus
776 2803 944 2865 manuscriptus

73 2869 152 2923 teste,
169 2870 207 2930 ipss
216 2869 244 2914 ad
255 2870 278 2927 fe
293 2868 401 2927 miseriam
416 2872 531 2915 invitant:
557 2866 624 2929 quod
640 2881 689 2913 non
706 2868 782 2913 minus
798 2864 831 2912 est
845 2864 943 2912 stultum

72 2933 138 2981 ultro
150 2930 263 2980 accersere
277 2927 319 2978 sibi
333 2932 424 2980 malurn
440 2931 513 2994 quam
531 2929 631 2979 aliorum
648 2932 704 2977 titia
716 2942 823 2983 eernere,
838 2925 944 2975 oblivisci

70 2994 173 3046 suorum.
204 2992 278 3051 vrfin.

108 3068 146 3108 26.
164 3057 207 3105 Sed
222 3061 242 3103 in
259 3058 382 3116 egritarione
403 3057 489 3105 diurna.
523 3072 573 3103 nam
585 3056 607 3113 st
627 3055 654 3106 ἐπ’
676 3056 773 3109 eadem]
803 3049 884 3114 Scripsi
910 3052 945 3099 ita

74 3122 192 3184 plerisque
204 3116 256 3168 mss'.
268 3112 357 3166 dusius.
375 3132 432 3167 nam
441 3121 591 3171 dt'urnamou
601 3120 719 3171 diuturna,
736 3115 792 3164 I’all.
804 3128 856 3164 tert.
865 3128 943 3177 quart.
998 3156 1002 3167 ,

74 3184 151 3243 quint.
160 3185 376 3232 Vatieatr.eererum
386 3196 479 3231 omnes.
514 3182 628 3229 Victorius
639 3194 735 3237 tamen,
749 3182 829 3230 nam&
838 3179 944 3234 stradam.

75 3247 149 3298 aliis,
163 3264 213 3293 nam
221 3248 241 3305 fi
250 3248 329 3295 eadem.
357 3246 392 3292 Sic
409 3246 481 3309 paulo
496 3244 565 3308 post:
582 3248 678 3304 caprario
690 3249 757 3311 igitur
768 3245 862 3295 diurna,
876 3241 944 3289 nabis.

75 3315 143 3358 Nam
154 3307 262 3358 &ibisne
277 3307 405 3371 legendum
423 3308 503 3359 itabent
521 3306 576 3355 Pall.
590 3319 642 3354 terr.
656 3321 732 3369 quart.
744 3308 820 3369 quint.
836 3306 944 3353 vatican.

71 3387 212 3435 quanquam
223 3374 289 3435 prim.
302 3374 397 3421 diutina,
415 3369 533 3419 Gebhard.
568 3375 600 3417 At
611 3385 669 3434 ego,
688 3371 745 3421 duee
757 3368 880 3435 Bentlejo,
890 3379 943 3415 :ae-

68 3438 267 3489 :tractaturum
277 3448 380 3485 veterem
391 3432 559 3499 poss'effionent
571 3431 630 3483 misi.
776 3466 783 3477 .
819 3490 821 3495 ,
889 3472 935 3539 Λ,-

835 3509 872 3543 2'.
918 3505 945 3559 p·
