2318 3914
207 118 290 183 2500
394 96 458 163 Du
478 96 568 163 Fru.
588 94 687 162 Bou.
715 112 768 161 st
793 93 915 162 Μιιι.

63 237 90 288 ι.
101 234 197 285 cxxu.
207 215 276 273 nihil
289 212 448 275 interesset?
468 231 503 273 ex
516 214 560 275 his
573 212 701 289 angustiis
718 211 766 273 illa
779 210 927 273 evaserumt
946 207 1085 273 deteriori

205 290 294 367 quam
314 292 457 353 Aristonis.
495 290 539 351 illa
558 302 654 351 tamen
675 289 831 367 limplicia:
857 287 950 349 uestra
973 287 1087 351 versuta.

206 368 302 445 Roget
315 371 391 429 enim
406 367 585 439 Aristonem,
603 368 715 427 bonane
729 369 756 427 ei
768 366 916 426 uideantur
928 365 1000 427 haee
1014 409 1026 439 ‚
1043 382 1087 427 va·

207 446 293 504 cuitas
307 446 410 507 doloris
425 488 434 515 ,
455 446 584 516 divitiae,
603 444 728 503 valitudo
743 459 756 505 e
774 455 866 520 neget.
905 442 1008 521 quid,
1026 459 1086 522 qma

210 524 346 583 contraria
367 524 428 583 sunt
447 523 513 593 his,
533 518 671 582 malane?
690 520 778 581 nihilo
798 519 897 597 magis.
935 520 1086 581 Zenonem

209 614 300 675 roges.
337 598 500 676 respondeat
513 598 633 660 totidem
655 597 753 657 verbis.
789 596 962 657 admirantes
1006 614 1088 657 urem-

209 691 272 735 mus
285 676 320 736 ab
332 688 469 753 utroque,
489 692 615 753 quonam
628 673 718 734 modo
732 676 820 734 uitam
833 690 917 749 agere
932 691 981 751 -ρο
1044 690 1086 743 us.

60 780 75 817 e
90 761 169 815 valer-
209 750 230 811 fi
243 753 311 813 nihil
324 750 449 813 interelle
462 752 552 813 nostra
565 766 712 828 putemus,
729 751 891 811 evaleamus
905 791 917 820 ,
936 747 1087 827 aegrinet

61 839 188 902 musnean
214 846 302 887 mus:
335 847 466 889 vacemus
483 848 518 889 an
534 831 690 889 cruciemur
704 827 824 887 dolore:
851 826 965 901 frigus,
985 828 1086 887 famem

62 907 119 967 15¹}
130 890 206 939 m·
215 904 370 981 propulsare
389 906 544 981 posfimus,
570 922 661 965 necne
680 904 834 979 poflimus:
861 904 944 963 vives
966 945 978 974 ,
1006 904 1087 982 inquit

62 972 118 1017 “⁸²¹
217 981 327 1049 Aristo,
356 982 502 1059 magnifice
528 994 611 1061 atque
627 980 779 1059 praectart:
805 978 924 1055 7¹quod
946 980 1003 1039 etit
1018 998 1086 1040 cum·

216 1075 271 1134 que
286 1058 391 1129 visum,
411 1078 493 1135 ages,
512 1076 669 1137 numquam
682 1058 969 1135 angere‚numquam
984 1057 1086 1135 cupies,

215 1152 371 1211 numquam
384 1137 503 1195 timebis.

169 1207 971 1349 tullium}.Ptlttlfftttltl‘luttt‘
984 1209 1087 1347 {fill

215 1381 252 1439 pe
271 1365 428 1425 asriimium
451 1379 611 1443 quantum,
644 1364 737 1425 nescio
754 1364 822 1449 quid
835 1362 1032 1425 immensum:
1050 1362 1088 1421 in·

217 1452 432 1502 terceterasres
446 1443 647 1503 nihilomnino
662 1441 797 1501 intetesse.
1010 1512 1043 1574 ld

352 1525 357 1535 ·
1044 1529 1087 1573 em

249 1693 288 1735 71.
304 1678 372 1741 Quod
379 1682 421 1726 eeit
433 1694 522 1743 cumque
530 1678 618 1739 offam,
627 1683 694 1739 agen]
709 1677 797 1726 Melius
805 1694 887 1743 agens,
908 1688 936 1727 ut
949 1675 985 1727 est
995 1676 1021 1727 im
1031 1671 1091 1724 anti-

216 1756 275 1853 qqo.
292 1742 373 1807 paullo
369 1738 448 1863 spost,
464 1757 508 1806 pro
518 1742 575 1804 illud
591 1742 676 1806 quse,
692 1739 739 1799 est,
760 1742 930 1807 nimioque»,
942 1738 982 1792 sod
995 1752 1047 1789 mom
1057 1738 1090 1787 ita

247 1819 306 1856 acet.
338 1810 412 1856 vem.

218 1820 236 1869 P
253 1884 292 1925 72,
308 1868 404 1930 Diffirre
413 1870 468 1916 inter
477 1867 582 1929 honestum
596 1869 622 1920 dr
639 1869 808 1931 turpenimium
823 1880 944 1932 qnantum,
957 1862 1021 1927 neseis
1034 1862 1091 1928 qnid
1133 1893 1136 1900 ·

218 1933 360 1994 immensum,
376 1933 432 1978 inter
439 1944 515 1981 ceteras
528 1949 558 1978 res
568 1934 625 1979 nini!
635 1934 718 1977 omnino
730 1936 795 1978 intere
812 1938 842 1990 u]
868 1932 971 1979 Nimium
990 1938 1094 1992 qnantum

123 2022 132 2041 .
221 1992 284 2043 dixit
293 2010 337 2059 pto
348 1994 467 2043 summum
483 1993 611 2058 quiddam,
623 1992 689 2056 quod
703 2008 774 2056 enpre
792 2007 812 2042 rt
823 2009 863 2043 rna
880 1995 922 2051 is,
936 2005 993 2040 eum
1003 1988 1095 2047 innuit.

221 2059 289 2119 nescio
301 2060 356 2123 quid
366 2059 499 2119 immensum.
533 2058 643 2106 Similiter
654 2058 746 2105 locutus
755 2056 788 2105 est
802 2010 922 2106 salludlius
932 2052 995 2103 trist.
1009 2051 1051 2104 tib.
1062 2065 1096 2103 ιι.

225 2127 322 2171 immane
331 2133 436 2185 quantum
445 2124 516 2169 enimi
524 2121 626 2182 exarsere.
647 2122 672 2169 δι
683 2121 806 2168 Terentius
818 2121 915 2171 lhotm.
925 2117 974 2169 ast.
982 2130 1018 2168 av.
1031 2119 1096 2173 Sta.

508 2188 563 2233 CH.
581 2184 645 2236 cede,
662 2183 832 2246 qne'dpestulat?

365 2251 417 2295 GE.
430 2247 511 2312 Qt’d?
528 2249 622 2293 nimium
633 2260 737 2309 quantum
747 2248 820 2297 tibuit.

224 2306 263 2356 Sic
279 2307 344 2355 enirn
359 2308 535 2357 emendandum
551 2323 580 2356 ex
597 2307 689 2358 Catilio
704 2307 744 2357 lib.
758 2323 791 2357 ιι.
816 2321 871 2357 eum
891 2319 948 2357 ante
968 2305 1099 2372 legeretur,

226 2372 309 2433 Qtds
326 2374 428 2421 nimium.
442 2384 547 2436 quantum
561 2372 634 2419 libuit.
667 2376 697 2419 Et
716 2371 803 2419 Plinius
821 2370 860 2420 lib.
868 2384 921 2420 xrs.
937 2382 992 2433 cap.
1001 2376 1039 2426 36.
1055 2374 1101 2416 rm-

228 2433 324 2492 mensam
334 2448 438 2497 quantum
450 2437 564 2497 prelatis,
580 2449 643 2497 pro,
675 2433 856 2495 quammaxime
871 2433 983 2495 prolatis.
1019 2434 1046 2481 δι
1062 2429 1103 2483 lib.

228 2508 308 2546 xviri.
325 2510 375 2560 cap.
383 2506 421 2547 28.
437 2497 550 2557 Infinitum
560 2511 664 2559 quantum
674 2499 713 2544 ille
724 2510 813 2560 tempere
822 2499 931 2542 candentes
945 2498 1042 2558 pruinas
1056 2511 1105 2543 cen·

224 2558 292 2619 gelat.
325 2563 356 2607 Et
374 2560 481 2670 Agellius
493 2559 533 2609 lib.
540 2575 593 2609 ιιι.
610 2568 690 2623 cumo.
708 2564 809 2609 Nimium
819 2572 945 2623 quantum,
961 2558 1106 2620 inquimu-

230 2622 309 2670 dae'ler.
342 2623 368 2671 &
379 2623 395 2670 li
414 2638 505 2671 ,ntum
523 2637 573 2686 cap.
582 2639 603 2676 3.
620 2628 704 2684 Lingua
719 2636 782 2685 arque
798 2621 902 2677 facundia
917 2624 1017 2668 nimium
1027 2633 1107 2682 quante

227 2684 361 2746 prestabilis.
394 2690 477 2734 Amm.
494 2700 591 2747 quoque
608 2685 762 2733 Marcellinus
783 2684 824 2734 lib.
836 2698 902 2732 xxii.
926 2684 1007 2744 Insula
1026 2687 1108 2732 Pheres

232 2747 366 2813 Rhodiorum
381 2762 426 2795 erat
442 2751 530 2796 obnoxiu
546 2750 656 2811 oellr'gale'.
672 2749 729 2812 qued
745 2766 792 2794 eum
812 2751 861 2796 inde
876 2748 989 2811 quidem,
1012 2751 1108 2794 nimum

231 2823 336 2873 quantum
352 2813 461 2872 petituri,
482 2813 582 2872 veniffent
597 2845 604 2867 ,
622 2811 803 2870 fimannealle'dte
819 2813 863 2863 inc.
895 2809 997 2869 Quinst.
1015 2809 1059 2859 lib.
1073 2824 1108 2859 tv.

231 2888 327 2935 ειμι.
345 2878 436 2922 Pecunia
449 2909 456 2930 ,
470 2891 515 2937 que
527 2877 620 2921 nimium
629 2874 697 2938 quidm
713 2876 736 2919 in
751 2878 831 2921 animis
845 2875 956 2920 horminum
969 2874 1046 2933 petest.
1081 2878 1110 2921 ln

232 2937 334 2999 vulgatis
345 2951 424 2985 autem
436 2937 499 2985 libris
511 2939 559 2984 hnc
570 2949 670 2998 quatuor
680 2935 769 2993 verba,
785 2940 879 2982 nimium
901 2947 1025 2997 quantum,
1042 2937 1111 2998 neseio

231 3003 300 3061 quid,
317 3002 455 3060 immenssem,
472 2998 580 3064 imperite
591 2999 712 3056 distinsta,
728 2997 868 3048 sententiam
884 2994 1053 3049 obscurabant.
1082 3004 1109 3049 Ρ.

232 3065 320 3110 Manat.

269 3140 306 3179 73.
323 3126 425 3171 Nimium
438 3138 561 3188 quantum,
577 3125 642 3185 nescio
652 3125 707 3188 qnid
716 3125 861 3184 immensum]
886 3122 1025 3171 Ludovieus
1050 3127 1112 3173 Car·

237 3190 292 3234 rion
302 3185 342 3235 lib.
352 3201 384 3235 ιι.
402 3191 476 3252 Antiq
492 3189 660 3249 Le&.cap.12‚
676 3186 905 3244 dejerareaufirilla,
921 3186 989 3246 nescio
999 3190 1057 3251 quid
1068 3190 1112 3234 im·

239 3248 345 3307 mensum,
362 3265 411 3297 non
423 3249 469 3299 ess‘e
479 3252 571 3307 Tullii,
593 3248 630 3299 led
643 3252 735 3298 alterius
747 3249 899 3306 nesciocuius
910 3266 918 3305 3
936 3249 979 3312 qui
992 3250 1112 3312 explicare

237 3311 339 3359 voluerit
352 3315 412 3373 prius
425 3313 497 3369 illud,
513 3318 605 3360 m'minm
616 3328 718 3376 qnantum
731 3331 738 3369 3
760 3312 825 3361 addit
835 3326 945 3376 proterea
955 3310 1033 3360 abesse
1043 3312 1058 3359 a
1070 3326 1112 3361 ee-

238 3384 288 3445 tere
300 3374 382 3422 codiee
391 3375 479 3436 tiiqam
490 3391 543 3428 eam
554 3376 684 3429 verborum.
710 3376 759 3426 tale
767 3376 911 3427 nihilditete
920 3374 1016 3441 polluam
1025 3373 1055 3422 de
1065 3378 1111 3422 I’a·

237 3434 326 3488 latinis.
358 3440 445 3488 Gruter.

442 3525 447 3537 ·
1006 3514 1045 3560 74·
1060 3506 1111 3550 Nea
