2318 3914
101 198 182 263 2352
292 130 355 241 De
372 174 464 239 Fur.
487 172 585 237 Bou.
607 189 657 236 er
677 169 791 234 Mne.

51 303 85 358 27
99 286 184 346 fuisse.
222 287 308 354 Fieri,
328 287 441 362 inquam
458 328 467 354 ,
485 284 636 351 deriari,
658 286 732 343 nullo
753 283 836 358 paeto
866 283 973 360 potest,

1 363 56 437 *deest
66 367 90 410 in
100 377 131 422 ut
145 382 203 422 non
218 364 308 432 dicas,
326 364 394 438 quid
414 381 472 421 non
493 362 602 437 probes‘
614 362 694 436 ejus,
722 362 737 418 a
753 379 811 437 quo
824 359 976 419 dissentias.

99 440 167 515 quid
181 441 255 497 enim
271 458 317 497 me
331 439 486 514 prohiberet
501 439 668 513 Epicureum
684 436 737 496 esse
752 480 761 505 ,
788 437 807 494 si
821 440 974 511 probarem

39 583 43 594 ι
77 530 164 591 ·‘quae
179 516 223 589 ille
245 514 369 575 diceret?
389 515 452 573 cirm
470 516 617 588 praesertim
643 515 686 572 illa
710 514 866 588 perdiscere
893 513 974 572 ludus

16 581 71 690 sssff·
102 588 175 650 esset.
213 592 406 667 Quamobrem
428 587 654 649 ldissentientium
677 592 746 649 inter
772 589 799 646 se
819 591 975 664 repreben-

0 662 57 754 »m
102 667 263 728 fionesnon
278 670 338 727 sunt
352 666 547 742 vituperandae.
586 666 747 733 maledisla,
767 667 972 737 contumeliae,

1 780 9 816 =‚
32 773 57 815 Β,
101 755 159 801 tum
178 744 377 814 miracundiae,
424 745 616 803 contentiones
642 742 926 818 concertationesque
945 743 973 801 in

10 844 80 877 acun-
99 820 262 954 ῗιίιριιιιιιάο
278 821 427 896 pertinaces
443 862 451 889 ,
478 819 598 897 indignae
612 820 680 877 mihi
695 817 869 894 philosophia
885 818 972 877 videri

6 904 57 940 0¹¹³·
110 909 194 954 oent.
542 902 545 911 '
740 904 742 911 '

8 954 90 1074 ’θ”ἓ
139 972 224 1030 Tunc
239 973 416 1048 Torquatus,
437 972 561 1039 Prorsus,
581 969 856 1047 inquit‚¹¹assentior.
876 988 971 1047 neque

15 1095 21 1106 .
54 1038 69 1076 ²
102 1049 176 1106 enim
192 1049 316 1123 disputari
331 1048 387 1106 line
407 1049 640 1122 reprehensrone,
660 1064 712 1105 nec
740 1066 805 1105 cum
828 1047 971 1107 iracundia

2 1121 10 1201 J
97 1139 148 1183 aut
161 1126 308 1199 pertinacia
322 1122 395 1182 resse
409 1125 533 1199 disputari
554 1124 649 1200 potest.
689 1123 742 1182 Sed
761 1125 795 1183 ad
815 1123 901 1193 haec,
922 1123 971 1183 nisi

1 1258 3 1269 ,
23 1194 31 1209 ’
69 1220 88 1270 b.
102 1202 246 1259 moleslum
270 1200 330 1271 est,
349 1200 439 1259 habeo
459 1218 524 1278 quae
546 1203 639 1260 velim.
678 1200 717 1258 At
737 1218 807 1268 me,
826 1200 970 1276 inquam,

101 1276 151 1335 nist
170 1291 198 1336 te
218 1277 311 1335 andire
333 1276 458 1348 vellem,
495 1277 586 1337 censes
613 1278 675 1335 haec
694 1276 831 1336 dissutum
861 1274 969 1336 fuisse?

99 1350 202 1411 Utriim
216 1355 296 1428 igitur
317 1355 436 1429 percurri
458 1372 575 1414 ornnem
597 1354 707 1430 Epicuri
728 1353 897 1428 disciplinam
915 1355 969 1429 pla-

99 1443 160 1487 cet:
181 1446 215 1487 an
230 1430 264 1487 de
279 1447 335 1488 una
348 1432 489 1506 voluptate
508 1432 618 1507 quaeri,
644 1430 679 1488 de
702 1448 756 1506 qua
778 1447 866 1487 omne
881 1444 970 1489 certa-

99 1505 238 1581 menes?
258 1506 326 1565 Tuo
341 1507 408 1565 verb
422 1507 451 1564 id
464 1508 596 1583 quidem,-
614 1509 745 1582 inquam,
764 1507 904 1565 arbitratu.
927 1507 968 1565 Sic

69 1652 71 1657 Ι
102 1583 203 1639 sacia-m
224 1582 329 1657 igitur,
349 1584 459 1658 inquit:
498 1601 581 1641 unam
603 1601 661 1640 rem
679 1582 819 1656 explicabo
847 1599 968 1660 eamque

99 1659 260 1716 maximam.
299 1658 334 1717 de
356 1658 471 1735 physicis
489 1658 575 1727 alias,
596 1660 751 1735 &quidem
773 1659 821 1717 tibi
836 1660 868 1716 ἃ
883 1659 968 1719 decli·

99 1735 242 1792 nationem
258 1733 335 1792 istam
349 1749 528 1806 atomorum,
549 1739 578 1797 ὃ(
593 1736 809 1810 magnitudinem
825 1733 889 1792 solis
905 1753 968 1811 pro-

100 1808 189 1878 babo,
209 1812 238 1869 &
252 1810 408 1870 Democriti
422 1826 506 1870 errata
522 1854 530 1877 ,
568 1813 601 1870 ab
615 1813 734 1885 Epicuro
749 1810 913 1883 reprehensa
939 1813 968 1879 δι,-

100 1886 222 1944 corresla
237 1888 379 1960 permulta.
417 1904 491 1943 nunc
506 1888 595 1945 dicam
609 1887 645 1945 de
659 1886 817 1960 voluptate;
839 1886 910 1944 nibil
922 1887 957 1945 sci

100 1961 166 2020 licet
188 1964 278 2030 novi,
299 1980 330 2018 ea
345 1975 436 2020 tamen
454 2004 462 2030 ,
482 1978 546 2039 quae
566 1974 594 2018 te
615 1960 701 2036 ipsum
716 1962 898 2036 probaturum
916 1959 957 2023 eff

101 2035 250 2095 confidam.
277 2037 376 2106 Certe,
395 2040 525 2115 inquam,
545 2038 666 2116 pertinax
686 2056 744 2096 non
759 2056 824 2096 ero:
845 2039 968 2116 tibique,

102 2111 212 2171 srmihi
232 2115 355 2189 probabis
377 2133 433 2184 ea,
468 2134 531 2192 quae
559 2117 656 2182 dices,
688 2115 800 2172 libenter
833 2112 969 2174 assentiar.

53 2209 90 2267 29
101 2188 241 2261 Probabo,
263 2191 367 2268 inquit:
385 2191 512 2254 asmodi)
525 2192 571 2252 ista
585 2192 771 2267 stsaequitate,
782 2192 968 2328 quamoslgrlts·

102 2431 204 2485 Etenim,
219 2431 320 2493 quoniam
336 2432 436 2480 daraclis
446 2433 471 2479 de
482 2435 565 2479 homine
574 2433 683 2493 scnfibus,
699 2444 725 2480 ut
741 2433 766 2480 δι
782 2429 831 2494 ipsa
848 2431 966 2483 librorum

93 2493 202 2540 'varietas
218 2493 298 2542 mendi
314 2495 465 2556 suspicionem
480 2492 581 2550 afferat,
597 2498 626 2544 de
644 2512 693 2556 quo
704 2495 815 2543 lestorem
832 2495 967 2544 admonen-

103 2551 162 2602 dum
172 2555 262 2612 censui3
278 2557 325 2619 ipsa
336 2571 416 2606 tamen
428 2554 497 2605 verba
506 2557 578 2605 viliam
588 2559 620 2606 est
631 2573 655 2606 ut
666 2573 742 2620 neque
754 2571 968 2622 mutarem,noque

102 2618 222 2667 tollerem.
243 2623 362 2668 P.Manar.
395 2623 436 2665 Ille
446 2622 543 2665 melius:
559 2622 684 2679 addianis]
713 2622 757 2669 llic
767 2619 856 2682 liquida
867 2620 902 2668 est
916 2621 967 2671 scd·

101 2692 169 2742 ptura
181 2681 280 2729 Palatini
296 2683 386 2744 primi,
399 2681 458 2729 adeo
472 2695 496 2729 ιιι
512 2682 616 2731 firmetur
631 2685 678 2741 jam
694 2681 808 2731 sententia
819 2683 925 2734 Turnebi
940 2698 969 2733 ne

102 2741 213 2793 Lambini
225 2744 333 2805 ambigua
344 2743 418 2806 ptius,
434 2759 511 2803 neque
522 2744 574 2794 saris
585 2749 652 2794 certis
662 2745 793 2794 tibicimbus
808 2743 911 2794 indulta.
929 2762 969 2797 ce·

102 2804 147 2852 teri
157 2804 209 2855 mff.
226 2806 283 2855 eall.
296 2807 446 2855 interserunt:
464 2810 502 2852 isse
514 2812 598 2856 melius.
613 2815 689 2854 etenim
699 2812 814 2871 quoniam,
824 2811 927 2857 derradlr's
941 2816 968 2859 de

101 2869 296 2927 hominesmfilus‚
311 2868 416 2926 addidisti
426 2888 435 2926 3
451 2869 575 2930 quomodo
590 2874 616 2920 &
626 2886 711 2919 omnes
722 2870 796 2926 editi,
813 2869 854 2918 nisi
866 2879 935 2932 quod
950 2875 969 2923 is

100 2930 161 2991 quast
176 2933 283 2981 detrat'lis.
301 2933 433 2979 Vocesilla‘
454 2934 573 2993 expunslae
588 2948 724 2996 comparent
740 2932 801 2981 infra
817 2936 900 2983 medio
915 2936 968 2987 fe'rd

101 2992 184 3055 capitis
196 2995 262 3042 noui.
296 2995 436 3042 Gulielmius
447 3010 526 3044 tamen
537 3001 659 3044 annotarit
671 2995 813 3059 legendum:
829 3000 868 3043 isle
879 3003 967 3051 melina.

100 3060 178 3103 ararim
188 3056 309 3115 addi'drsti,
326 3057 363 3104 vel
379 3059 445 3103 etiam
461 3058 574 3118 addidisti.
604 3059 641 3106 sed
658 3060 715 3108 nibil
727 3061 774 3112 eius
785 3061 808 3106 in
821 3060 968 3127 membranis

101 3118 182 3184 Palus⁰¹
191 3120 280 3180 primis.
312 3122 348 3167 lta
358 3120 473 3167 eninneas
484 3123 597 3182 appello,
619 3121 649 3168 ob
665 3123 797 3171 bonitatem
813 3120 899 3180 suarna
915 3140 968 3175 non

98 3179 145 3286 gut
166 3180 224 3241 sepe
239 3181 291 3228 aliis
306 3180 371 3230 libris
390 3197 481 3232 nomen
498 3183 560 3245 feci)
578 3185 609 3233 ob
625 3187 752 3234 voluminis
766 3186 967 3248 magnitudinem.

121 3254 187 3292 rum.

122 3322 168 3376 ‘44
183 3305 251 3378 'Mada
264 3303 305 3365 ista
311 3306 341 3366 fis
352 3312 463 3370 aquitane,
478 3326 544 3372 quam
556 3311 664 3369 odendis]
678 3312 746 3360 Unde
756 3312 826 3374 igitur
835 3310 884 3368 est,
899 3312 970 3373 quod

74 3408 77 3415 .
97 3366 216 3438 llrdtonus
228 3381 279 3417 tam
290 3370 314 3418 in
325 3369 440 3434 Juutino,
457 3387 530 3434 quarn
540 3375 564 3421 in
571 3373 635 3437 Rob.v
645 3375 754 3437 Stephani
764 3376 877 3438 exemplo
887 3376 970 3425 edide-

79 3443 82 3450 ·
98 3440 192 3491 rrt,qua
202 3430 254 3491 ost?
273 3438 312 3482 An
324 3449 374 3482 non
386 3436 427 3483 ille
443 3435 581 3484 Gracismus
596 3436 627 3485 sic
644 3438 729 3500 placuit
740 3437 821 3486 Tullio
837 3438 880 3487 lib.
893 3452 916 3487 x.
936 3438 969 3489 ad

37 3494 176 3684 spatie.
184 3502 206 3547 8.
223 3502 346 3551 Naasaam
357 3499 711 3565 barmafirmammt‘ssmgurir,
723 3503 880 3565 praediximur.
896 3500 969 3617 libzi

94 3596 102 3623 ἱ
