2318 3914
24 140 32 187 i
218 92 788 176 LrnrR'Sucu-uuus.
857 107 1055 217 ²⁶65nrtxtnr

38 230 42 237 '
67 215 201 282 ndixtffes
214 217 317 288 videti,
337 214 475 293 rogaturi
496 233 568 286 me,
587 217 708 275 etiamne
737 216 825 292 majus
849 219 936 307 quim
949 232 999 279 rm.

32 312 36 325 '
67 298 191 359 dedecus
218 295 302 363 verbo
323 292 360 351 de
373 291 505 351 sententia
519 291 646 351 destitisti.
671 294 777 367 ⁰Rogo
791 294 846 355 hoc
859 297 935 356 idem
946 296 1089 345 Mum·

24 398 39 449 t'
68 374 238 450 Epicurumr
257 370 345 445 majus
359 368 433 427 dicet
448 365 502 427 eil'e
522 369 650 437 malunt,
670 370 842 429 mediocrem
859 358 1048 432 dolo-⁰..¹.³⁰ss²

24 464 45 525 q·
68 470 152 517 rem,
170 447 255 521 quint
270 447 425 505 maximum
443 444 568 503 dedecus.
589 445 691 519 inipso
712 445 786 503 enim
802 432 998 509 dedecore“¹⁸·

69 525 138 586 mali
152 524 220 583 nibil
234 521 307 591 effe,
326 520 376 580 nist
388 519 533 595 sequantur
553 522 671 579 dolores.
709 523 769 597 quis
782 523 863 596 igitur
877 525 944 600 Epi-

68 618 168 663 curum
183 600 303 673 iequitur
319 597 417 665 dolor,
436 597 501 657 cbrn
515 599 570 657 hoc
585 598 672 671 ipsum
690 596 757 656 dicit
773 640 782 667 ,
801 599 941 662 summum

24 696 33 753 p
65 677 176 745 maltam
191 674 246 735 eise
260 675 407 741 dolorem,
425 692 485 749 quo
499 672 618 732 dedecus
633 674 720 748 majus
742 671 757 731 ὲ
778 675 941 752 philosopho

24 790 30 831 t
71 754 181 817 nullum
195 748 344 826 exspedo?
363 767 448 824 quate
460 748 519 807 satis
531 749 601 809 mibi
615 748 724 819 dedisti,
745 749 808 809 cium
831 753 942 827 respon-

24 822 52 907 ς’
69 831 148 899 disti,
167 829 256 903 majus
268 827 318 887 tibi
337 825 546 891 viderimalum
563 868 571 893 ,
591 825 733 895 dedecus,
752 825 839 901 quim
862 831 943 887 dolo·

24 940 33 985 ;
69 925 141 965 rem.
179 906 236 963 boc
250 902 336 978 ipsum
350 901 460 961 enimfi
480 902 609 970 tenebis,
634 902 791 977 intelliges,
810 902 895 978 qu‘am
912 907 943 965 lit

24 1005 33 1061 q
69 980 256 1043 obsistendum
270 979 370 1039 dolori.
408 992 538 1039 nectam
560 980 742 1054 quaerendum
764 980 825 1048 est,
865 981 946 1047 dolor
1021 1028 1027 1041 .

24 1082 31 1137 p
75 1059 217 1119 malumne
231 1055 279 1126 fit,
299 1055 383 1130 quim
404 1055 552 1112 firmandus
572 1056 680 1114 animus
700 1057 735 1115 ad
755 1056 883 1115 dolorem
903 1041 1085 1139 fe·b’nt¹a³stmrr¹bb·

24 1172 32 1213 ‚3
71 1135 200 1195 rendum.
238 1132 416 1191 Concludunt
430 1131 607 1190 statiunculis
621 1132 730 1199 Stoici,
760 1150 809 1191 cut
829 1151 888 1192 non
911 1133 1084 1203 sltxntuncuta

25 1234 34 1287 1·
74 1211 202 1275 malum:-
217 1208 292 1284 quali
307 1208 343 1267 de
361 1208 465 1277 verbo,
485 1225 544 1267 non
559 1207 593 1264 de
607 1225 635 1265 re
648 1206 793 1267 laboretur.
952 1220 1035 1279 navis.

24 1346 30 1365 ,
113 1284 192 1362 Quid
207 1303 254 1343 me
267 1285 371 1361 decipis
386 1326 395 1352 ,
413 1283 522 1343 Zeno?
542 1299 607 1341 nam
630 1281 694 1342 clun
710 1286 737 1344 id
754 1326 762 1353 ,
782 1286 860 1360 quod
874 1286 943 1345 mibi
953 1300 992 1358 29

73 1363 206 1425 horribile
219 1362 344 1431 videtur,
363 1373 394 1420 tu
411 1360 529 1419 omnino
545 1359 649 1418 malum
664 1358 717 1417 effe
732 1378 832 1435 negas,
852 1363 946 1437 capior

24 1476 28 1513 ,
73 1442 107 1499 ἃ
124 1441 191 1498 scire
207 1440 289 1513 cupio
305 1479 314 1506 ,
333 1455 392 1513 quo
414 1435 512 1494 modo
525 1435 552 1493 id
570 1477 578 1501 ,
598 1435 674 1510 quod
696 1455 749 1510 ego
764 1437 947 1498 miserrimum

24 1562 26 1569 ,
77 1516 252 1581 existimem,
271 1533 308 1572 ne
323 1514 426 1571 malum
449 1512 562 1586 quidem
584 1510 623 1569 fit.
662 1513 739 1570 Nihil
760 1514 814 1582 ell,
834 1515 948 1590 inquit,

29 1646 32 1651 .
76 1593 204 1659 malum,
223 1590 273 1649 nist
293 1589 370 1664 quod
390 1602 469 1662 turpe
496 1600 578 1662 atque
601 1588 727 1646 vitiosum
752 1590 798 1648 est.
836 1591 883 1648 Ad
904 1593 947 1648 in·

78 1669 168 1744 eptias
181 1666 257 1725 redis.
294 1665 360 1725 illud
373 1667 489 1732 renim,
508 1663 585 1738 quod
600 1682 647 1721 me
661 1664 794 1739 angebat,
814 1683 872 1723 non
889 1667 972 1724 exi-<t
990 1672 1070 1710 aurem

77 1747 142 1805 mis.
181 1742 236 1800 scio
251 1742 378 1800 dolorem
393 1759 452 1799 non
466 1737 518 1797 effe
532 1741 694 1814 nequitiam.
731 1734 823 1800 define
837 1741 884 1799 rid
898 1760 945 1800 me
955 1728 1023 1773 ΒΜ·

76 1822 198 1880 docere:
218 1819 274 1877 boc
288 1816 377 1884 doce,
397 1816 533 1901 doleam,
552 1833 642 1901 necne
662 1815 798 1900 doleam,
818 1817 884 1876 nihil
903 1801 1066 1898 in-{ffi

64 1894 184 1956 ..terelle
222 1905 250 1949 45
260 1896 422 1969 Numquam
438 1893 606 1968 quidquam,
626 1908 732 1966 inquit,
752 1893 786 1951 ad
801 1892 1067 1973 beatequi·n.v;gu

76 1974 145 2033 dem
160 1970 312 2031 vivendum
329 2012 337 2039 ,
358 1968 434 2044 quod
448 1968 484 2026 est
498 1970 527 2026 in
541 1985 595 2025 una
618 1968 720 2025 virtute
740 1967 882 2044 positum:
901 1968 1007 2029 sedite.

76 2049 233 2109 esttamen
261 2044 449 2120 rejiciendum.
489 2041 573 2101 Cur?
599 2042 736 2118 Asperum
758 2045 819 2115 est,
853 2057 949 2105 contra

78 2137 226 2191 naturam,
244 2122 354 2180 difficile
368 2117 508 2194 perpeffu,
526 2118 615 2186 triste,
635 2119 743 2178 durum.

118 2200 197 2258 Xlll.
218 2199 309 2256 Hac
330 2215 397 2253 usu
424 2197 504 2270 copia
534 2195 681 2269 verborum
692 2232 709 2263 ι,
742 2197 819 2284 quod
848 2214 948 2257 omnes
958 2201 994 2267 30

79 2280 142 2337 urio
158 2274 244 2335 verbo
259 2273 362 2332 malum
376 2272 559 2347 appellamus,
577 2271 606 2331 id
619 2281 663 2330 tot
678 2272 768 2333 modis
781 2271 858 2350 poffe
874 2274 950 2333 dice-

69 2350 119 2413 re.
159 2350 255 2411 definis
275 2364 307 2409 tu
326 2348 418 2417 mihi,
437 2366 497 2408 non
516 2346 588 2407 tollis
610 2345 762 2420 dolorem,
796 2348 860 2408 cum
883 2349 951 2410 dicis

77 2430 225 2505 asperum,
244 2439 340 2486 contra
353 2439 498 2494 naturam,
522 2425 569 2482 rix
588 2422 666 2500 quod
685 2426 750 2484 ferri
784 2427 952 2503 tolerarique

77 2506 178 2584 polfit:
199 2521 251 2561 nec
265 2504 402 2560 mentiris:
421 2501 468 2562 sed
482 2518 511 2559 te
523 2499 701 2559 succumbere
712 2520 771 2560 non
786 2502 952 2578 oportebat,

77 2582 172 2641 verbis
185 2580 365 2656 gloriantem,
385 2577 453 2637 dum
469 2575 537 2636 nihil
549 2577 681 2650 bonum,
700 2577 750 2637 uili
763 2579 841 2656 quod
860 2580 953 2714 qone-

44 2681 48 2687 ·
289 2676 292 2681 ·
885 2672 950 2713 um:

113 2900 153 2944 45.
171 2889 296 2947 Nunquam
303 2881 435 2946 quidquam,
451 2886 538 2948 iuquit,
553 2883 583 2930 ot
591 2883 798 2942 buiamundum]
812 2885 844 2930 D.
854 2883 953 2933 Lambi-

81 2962 128 2998 nus
139 2960 224 2996 eontra
234 2949 372 2994 MSStorum
381 2945 453 2995 fidetn
464 2946 571 3010 reponit,
586 2948 642 2993 nihil
657 2947 785 3009 quidquam.
804 2941 871 2992 Male
886 2960 954 3009 prot·

80 3009 120 3060 sus
135 3012 162 3059 dt
178 3009 310 3058 infeliciter.
346 3008 439 3057 Plautus
454 3009 573 3072 Amphitr.
589 3009 644 3057 Λᾶ.
659 3023 677 3058 1.
696 3011 731 3058 sc.
744 3023 764 3065 r,
779 3024 817 3062 92.
833 3014 952 3072 Nunquam

80 3077 151 3121 etiam
164 3073 286 3136 quidquam
299 3072 368 3118 aditur
376 3073 488 3118 verborum
497 3072 526 3132 ast
535 3075 656 3134 miramus
667 3082 781 3134 perperam.
808 3067 874 3119 idern
886 3069 953 3123 Afin.

82 3136 167 3186 Asta.
185 3140 219 3185 Sc.
228 3149 275 3190 ιιι,
286 3150 323 3191 44.
340 3140 398 3183 Nam
405 3135 425 3190 st
434 3149 460 3180 eu
473 3136 576 3183 dmm
589 3137 665 3189 mibi,
695 3136 780 3181 Mulier
795 3135 954 3181 mittereturud

81 3214 243 3262 ausuumquum
253 3199 371 3260 quidquam
381 3199 489 3257 pascerem.
496 3197 615 3246 Nonnulli
620 3209 741 3260 perpetum
749 3214 797 3252 ,uec
804 3208 825 3243 tr
833 3199 954 3260 quidquam

78 3262 193 3327 poscerem.
224 3261 347 3311 Terentius
357 3264 416 3308 Eun.
431 3259 513 3310 Astu.
529 3263 564 3309 Sc.
574 3274 651 3315 vrr,1.
668 3265 793 3322 Numquam
803 3259 878 3322 edepol
887 3262 954 3324 quid·
1010 3272 1015 3291 t

83 3325 260 3387 quamliaradim
275 3325 333 3385 quud
345 3323 412 3385 magi'
426 3324 506 3368 vellem
520 3325 622 3377 eumin,
645 3324 682 3369 Mi
694 3326 773 3371 eueui't.
798 3329 832 3370 Ac
848 3322 951 3387 Adelph.

85 3387 143 3437 Ast.
151 3400 170 3435 1.
187 3390 221 3436 Sc.
229 3395 305 3442 turi.
320 3389 411 3434 Homine
420 3388 517 3447 imperite
528 3399 646 3450 numquam
655 3385 775 3450 quidquam
785 3386 893 3448 injustius.
913 3386 956 3434 Vi·

85 3449 386 3509 demandante.
417 3450 501 3510 Darii
532 3487 534 3490 ψ
838 3456 841 3460 ’
891 3515 908 3555 0

100 3515 107 3529 ⁸
834 3517 874 3563 4⁴.
908 3520 960 3573 pta·
