2318 3914
214 171 298 239 aeto
418 113 481 217 Da
503 150 590 216 Ftn.
612 148 716 216 Bou.
737 167 790 216 nr
811 149 930 217 Man.

215 268 335 342 poterit,
355 265 452 324 omnia
466 263 561 322 referri
574 263 609 321 ad
624 262 765 322 summum
779 263 887 323 bonum
898 262 938 334 ‚fi
953 269 1100 343 amicitie,=

214 344 482 419 fipropinquitates‚
503 341 523 399 fi
543 340 644 413 reliqua
670 354 781 399 externa
802 340 915 400 summo
937 342 1022 404 bono
1042 367 1099 409 nott

63 416 441 479 termine-econamum?
463 420 526 475 Hae
549 417 677 474 videlieet
700 419 828 476 ratione:
848 416 929 495 quod
954 438 1015 492 ea,
1036 444 1098 501 quae

27 540 32 546 .
61 492 190 553 ‘imm
216 510 327 555 externa
344 499 427 563 sunt,
447 495 478 553 iis
499 507 611 552 tuemur
632 493 753 564 officiis,
774 512 838 571 quae
859 496 993 555 oriuntur
1012 498 1029 558 d
1053 503 1099 561 suo

60 557 204 656 {gffi'ffi
214 575 348 651 cujusque
362 590 464 648 genere
479 572 593 628 uirtutis.
634 587 700 627 nam
716 572 747 628 δι
767 572 851 629 amici
872 573 964 631 cultus
981 616 991 642 ,
1007 578 1039 635 &
1053 597 1098 653 pa.

60 668 78 717 d
107 664 317 733 quoquorentrs‚
339 652 368 708 dc
388 648 458 725 dqui
478 649 573 705 officio
596 647 741 720 fungitur,
763 649 799 706 in
820 666 856 706 eo
877 649 936 723 ipso
959 652 1095 727 prodest,

60 734 96 783 nd.
111 746 155 782 va.
216 727 316 804 quiid,
336 728 373 784 ita
395 725 472 800 fungi
495 725 614 792 offici0,
640 725 668 780 in
691 722 764 781 redd
788 724 864 784 fadis
878 726 931 784 est:
955 746 1024 803 quae
1038 733 1096 791 suut
1129 726 1131 737 '

61 829 76 863 e
91 815 170 867 avita.
215 818 276 863 orta
290 803 461 861 evirtutibus.
503 819 567 876 quaa
581 800 694 876 quidem
709 801 842 876 sapientes
865 801 1046 878 sequuntur,
1065 826 1094 867 u·

60 881 137 928 tama
212 892 300 940 tentes
315 894 458 956 tamquam
475 878 545 935 duce
560 890 663 934 natura.
683 895 741 935 non
756 877 871 952 perferri
886 892 985 939 autem
1001 883 1094 944 homi-

90 965 117 1016 1’.
137 968 164 1014 B.
212 976 277 1027 nes,
298 960 327 1016 &
349 970 444 1015 tamen
466 955 581 1029 ingeniis
603 953 798 1011 excellentibus
819 954 953 1031 praediti,
981 958 1094 1021 ⁶3exei·

210 1046 302 1094 tantur
317 1034 388 1108 saepe
402 1031 510 1108 gloria:
538 1048 603 1106 quae
622 1030 704 1088 habet
731 1031 854 1089 formam
885 1032 1039 1095 honestatis
1064 1038 1092 1097 δι

209 1110 426 1169 similitudinem.
465 1107 554 1182 Qubd
570 1107 588 1165 li
603 1107 685 1183 ipsam
701 1107 873 1166 honestatem
890 1108 1017 1187 undique
1033 1130 1091 1188 per.

209 1188 313 1248 fedam
360 1189 390 1246 &
430 1185 609 1252 absolutam,
644 1202 703 1242 rem
738 1202 821 1241 unam
855 1187 1088 1260 praeelariffimam

210 1266 341 1324 omnium
377 1262 554 1337 maximeque
573 1259 764 1329 laudandam,
793 1263 902 1336 penitus
932 1264 1088 1326 viderent?

210 1358 334 1415 quonam
348 1341 449 1417 gaudio
465 1339 687 1413 complerentur,
708 1337 773 1395 eitm
794 1351 941 1414 tantopere
963 1343 1023 1418 ejus
1043 1343 1088 1404 ad·

208 1418 334 1477 umbrata
349 1419 482 1493 opinione
495 1412 643 1473 laetentur?

166 1502 205 1560 70
250 1499 348 1569 Quem
370 1495 444 1551 enim
467 1493 591 1550 deditum
613 1491 819 1567 voluptatibus,
840 1493 1025 1568 cupiditatum
1046 1497 1088 1559 itr-¹

209 1573 314 1629 cendiis
329 1570 557 1637 inflammatum,
584 1569 656 1627 iniis
680 1570 818 1643 potiendis
834 1612 842 1637 ,
862 1588 927 1645 quae
953 1574 1084 1633 acerrimd

208 1645 409 1722 concttpiviilet
425 1688 433 1715 ,
453 1644 527 1705 tanti
541 1644 635 1703 latitia
651 1647 778 1718 perfundi
793 1647 975 1718 arbitramur,
986 1650 1084 1725 quanti

206 1737 254 1781 aut
268 1723 436 1796 superiorem
451 1724 615 1780 Africanum
631 1723 768 1781 Annibale
778 1723 868 1780 vido:
889 1736 938 1783 aut
954 1727 1085 1799 posterio-

206 1816 267 1859 rem
287 1800 456 1876 Karthagine
477 1796 596 1858 everia?
623 1797 654 1852 ⁶4
662 1816 748 1875 quem
777 1799 911 1859 Tiberina
940 1799 1083 1875 diffensto,

1016 1882 1083 1942 festo

239 2066 279 2116 ⁶3-
295 2062 424 2108 Exstruitur
430 2060 481 2120 sape
488 2056 561 2121 giorid
573 2063 582 2116 ]
611 2056 651 2106 Est
661 2055 675 2105 i
686 2056 798 2107 Lambini
809 2056 945 2117 conietiuta
959 2096 967 2117 ‚
982 2074 1029 2125 pro
1040 2077 1083 2127 qur

210 2121 283 2196 plane
294 2124 351 2172 facit
362 2136 427 2170 verus
444 2122 554 2185 scaligeri
576 2123 601 2170 dc
617 2122 665 2170 l’al.
680 2121 775 2178 sextus,
792 2122 877 2184 partim
889 2122 964 2172 etiam
974 2140 1083 2188 quartus,

211 2200 238 2233 tn
247 2201 296 2248 quo
301 2187 338 2245 spe
344 2189 423 2246 garta.
441 2189 508 2233 Grut.
527 2191 604 2232 Antea
616 2182 736 2247 legebatur
742 2187 779 2247 spe
784 2188 865 2247 gloria.

242 2258 280 2306 64.
297 2250 369 2312 Qem
385 2251 486 2295 Tiberina
496 2248 586 2305 decttrfio
599 2246 652 2306 fasta
669 2250 707 2293 illo
719 2250 753 2293 iiie
763 2262 821 2295 tanto
830 2249 908 2310 gaudio
918 2248 992 2310 affecit
1004 2285 1013 2309 ,
1028 2255 1082 2310 &sd

210 2310 325 2359 Meliores
336 2310 428 2357 codices
438 2310 546 2369 diffenfio,
562 2325 612 2356 non
624 2312 727 2368 decursio,
739 2311 834 2359 liabent.
862 2311 906 2359 sed
917 2314 976 2373 quid
991 2316 1082 2378 prodest

208 2371 257 2421 lroc
273 2370 479 2428 animadvertill'e,
498 2386 552 2420 cum
565 2372 630 2419 locus
649 2371 676 2420 stt
693 2372 767 2421 adbuc
784 2374 990 2437 corruptiffimusi
1007 2384 1083 2441 Quare

208 2432 272 2484 redii:
285 2434 329 2483 fuit
341 2437 366 2484 in
377 2435 479 2484 asulana
489 2435 612 2489 editione,
635 2448 660 2482 ut
675 2436 814 2500 depravatus
825 2440 850 2486 dt
862 2452 961 2487 mancus
973 2473 980 2495 ,
999 2442 1082 2492 noruli

208 2496 322 2560 fignattts.
339 2500 415 2562 agitur
424 2511 503 2547 autem
515 2499 543 2546 de
554 2513 578 2546 re
596 2499 631 2560 (ut
644 2500 740 2561 opinor)
757 2499 853 2547 obscura
865 2502 889 2547 dt
901 2516 985 2564 patum
998 2504 1028 2554 ab
1042 2521 1083 2554 an·

208 2560 280 2623 niquis
291 2563 409 2610 autoribus
427 2561 503 2624 (quod
516 2562 597 2621 l'ciam)
615 2563 763 2624 pertratlata.
792 2563 855 2627 Qrid
872 2567 937 2612 enirn
955 2568 1024 2626 iuxta
1042 2568 1083 2618 Ti·

205 2622 294 2680 herim,
310 2625 376 2686 quod
392 2639 517 2688 tantopere
531 2626 659 2673 delatraret
671 2625 805 2689 gaudioque
821 2625 937 2681 afficeret,
953 2644 1082 2692 gereretur,

207 2702 257 2735 non
268 2686 325 2736 mihi
337 2689 405 2738 valde
415 2701 563 2750 compertum
574 2687 614 2737 est.
648 2690 786 2738 Declaratur
801 2703 879 2737 autent
888 2690 971 2739 'verbis
985 2695 1083 2744 Cicero·

207 2749 262 2805 nis,
274 2765 373 2815 magnas
384 2752 486 2800 omnini)
496 2753 601 2816 corporis
615 2752 747 2816 voluptates
758 2768 787 2800 eo
798 2755 855 2803 loco
870 2755 921 2817 capi
937 2752 1020 2804 solitas
1031 2793 1039 2815 ,
1057 2761 1083 2809 δι

204 2826 245 2861 eas
256 2814 354 2875 quidem
365 2829 429 2864 certo
441 2814 546 2874 quodam
558 2815 608 2869 die,
621 2829 693 2875 quem
703 2814 788 2863 festum
801 2816 896 2864 obeam
908 2832 959 2865 rem
970 2820 1083 2883 agebant.

206 2877 324 2927 Existimo
335 2878 389 2928 san'e
402 2878 466 2942 poli'e
477 2878 540 2934 fieri,
556 2892 581 2926 ut
592 2878 691 2940 aliquis,
707 2880 748 2941 qui
760 2881 851 2935 maiore
863 2879 939 2928 studio
946 2880 1083 2994 diligentia·

207 2954 255 3002 que
279 2944 335 2990 ritus
353 2946 377 2991 aa
394 2957 474 2991 mores
485 2943 635 3004 antiquorum
648 2941 792 2997 observarit,
808 2943 917 3007 aliquid,
936 2960 985 3006 quo
1020 2948 1083 2997 huuc

206 3003 289 3052 locum
299 3006 397 3055 illustret
413 3040 420 3061 ‚
435 3006 569 3061 invenerit,
585 3007 610 3053 δι
630 3005 678 3052 ltaec
694 3005 761 3053 eausa
777 3005 839 3061 fuit,
857 3021 896 3055 eur
918 3008 1081 3059 adnotarem:

206 3065 327 3129 proposita
337 3071 401 3117 enim
415 3070 459 3117 hac
470 3068 616 3132 quastione,
633 3081 672 3114 aut
688 3069 729 3130 qui
744 3069 791 3116 hoc
808 3069 1008 3132 deprehenderit,
1022 3075 1083 3123 alios

206 3128 292 3177 docere
304 3133 410 3180 animum
421 3132 529 3187 inducet,
545 3144 584 3179 aut
597 3132 732 3194 aliquorum
743 3132 839 3197 ingenia
850 3131 880 3180 ad
895 3133 918 3181 id
936 3134 1083 3201 investigan-

206 3192 264 3241 dum
274 3194 443 3244 excitabuntur.
477 3197 630 3260 Epigramma
640 3194 762 3259 quoddam
780 3197 816 3257 (ur
828 3195 894 3259 quod
904 3212 951 3260 ego
966 3198 1083 3247 lradtenua

205 3255 317 3318 indagavi
338 3259 362 3305 in
385 3260 490 3307 medium
515 3257 653 3322 proferam)
670 3257 723 3308 satis
740 3272 849 3321 argutum
866 3261 891 3307 δι
907 3262 1027 3324 elegans,
1041 3261 1083 3313 sed

224 3332 289 3367 atum
305 3321 421 3385 integrum
439 3328 463 3373 δι
482 3333 605 3387 purgatum
623 3323 715 3385 Virgilii
729 3322 828 3370 nomine
849 3323 953 3386 legitur:
981 3326 1008 3373 in
1047 3340 1081 3375 uo

205 3332 350 3445 fignificatut
360 3398 436 3446 turpes
447 3385 561 3449 quasdam
579 3389 603 3435 tit
620 3383 743 3434 obseoenas
759 3386 892 3449 voluptates
909 3388 984 3451 prope
1009 3390 1040 3437 Ti
1056 3403 1084 3437 e·

210 3446 256 3493 rim
266 3448 367 3494 exerceri
377 3448 456 3496 solitas
467 3448 525 3507 effe,
541 3462 566 3497 ut
581 3448 612 3497 de
622 3446 707 3497 eadem
715 3446 812 3496 fortall'e
827 3464 853 3497 re
867 3449 908 3497 liic
923 3450 1029 3516 intelligi
1040 3451 1084 3501 de·

209 3504 278 3570 beat,
293 3506 360 3575 quod
370 3523 510 3566 tamennon
519 3511 635 3569 adfirmat
649 3510 788 3571 nidmu
797 3510 898 3569 miltide
911 3512 961 3569 hot
969 3528 1082 3631 wmffi
