<?xml version="1.0" encoding="UTF-8"?>
<!DOCTYPE html PUBLIC "-//W3C//DTD XHTML 1.0 Transitional//EN"
    "http://www.w3.org/TR/xhtml1/DTD/xhtml1-transitional.dtd">
<html xmlns="http://www.w3.org/1999/xhtml" xml:lang="en" lang="en">
 <head>
  <title>
</title>
<meta http-equiv="Content-Type" content="text/html;charset=utf-8" />
  <meta name='ocr-system' content='tesseract 3.04.00' />
  <meta name='ocr-capabilities' content='ocr_page ocr_carea ocr_par ocr_line ocrx_word'/>
</head>
<body>
  <div class='ocr_page' id='page_1' title='image "./marcitulliicice02pedigoog_0293.png"; bbox 0 0 2318 3914; ppageno 0'>
   <div class='ocr_carea' id='block_1_1' title="bbox 248 120 964 210">
    <p class='ocr_par' dir='ltr' id='par_1_1' title="bbox 248 120 964 210">
     <span class='ocr_line' id='line_1_1' title="bbox 248 120 964 210; baseline -0.004 -18"><span class='ocrx_word' id='word_1_1' title='bbox 248 145 329 210; x_wconf 78' lang='lat'><strong>2490</strong></span> <span class='ocrx_word' id='word_1_2' title='bbox 450 124 805 192; x_wconf 80' lang='lat' dir='ltr'><strong>De·F1u.Bou.tr</strong></span> <span class='ocrx_word' id='word_1_3' title='bbox 825 120 964 189; x_wconf 71' lang='lat' dir='ltr'><strong>Mun.¹</strong></span> 
     </span>
    </p>
   </div>
   <div class='ocr_carea' id='block_1_2' title="bbox 98 233 1122 1381">
    <p class='ocr_par' dir='ltr' id='par_1_2' title="bbox 248 233 1122 313">
     <span class='ocr_line' id='line_1_2' title="bbox 248 233 1122 313; baseline 0.009 -20"><span class='ocrx_word' id='word_1_4' title='bbox 248 237 277 293; x_wconf 92' lang='lat' dir='ltr'><strong>in</strong></span> <span class='ocrx_word' id='word_1_5' title='bbox 292 239 384 310; x_wconf 90' lang='lat' dir='ltr'><strong>primis</strong></span> <span class='ocrx_word' id='word_1_6' title='bbox 398 248 425 293; x_wconf 79' lang='lat'><strong>5²</strong></span> <span class='ocrx_word' id='word_1_7' title='bbox 433 240 533 308; x_wconf 87' lang='lat' dir='ltr'><strong>hebes,</strong></span> <span class='ocrx_word' id='word_1_8' title='bbox 552 241 660 299; x_wconf 88' lang='lat' dir='ltr'><strong>illorum</strong></span> <span class='ocrx_word' id='word_1_9' title='bbox 675 236 836 313; x_wconf 72' lang='lat' dir='ltr'><strong>gloriatione</strong></span> <span class='ocrx_word' id='word_1_10' title='bbox 851 237 970 312; x_wconf 83' lang='lat' dir='ltr'><strong>dignam</strong></span> <span class='ocrx_word' id='word_1_11' title='bbox 987 233 1047 298; x_wconf 83' lang='lat' dir='ltr'><strong>effe</strong></span> <span class='ocrx_word' id='word_1_12' title='bbox 1058 238 1122 301; x_wconf 70' lang='lat' dir='ltr'><strong>boo:</strong></span> 
     </span>
    </p>

    <p class='ocr_par' dir='ltr' id='par_1_3' title="bbox 249 313 1122 449">
     <span class='ocr_line' id='line_1_3' title="bbox 249 313 1122 449; baseline 0.003 -77"><span class='ocrx_word' id='word_1_13' title='bbox 249 322 306 369; x_wconf 81' lang='lat' dir='ltr'><strong>tam</strong></span> <span class='ocrx_word' id='word_1_14' title='bbox 322 319 425 385; x_wconf 87' lang='lat' dir='ltr'><strong>viram,</strong></span> <span class='ocrx_word' id='word_1_15' title='bbox 446 328 472 369; x_wconf 76' lang='lat' dir='ltr'><strong>rs</strong></span> <span class='ocrx_word' id='word_1_16' title='bbox 482 317 558 392; x_wconf 88' lang='lat' dir='ltr'><strong>quod</strong></span> <span class='ocrx_word' id='word_1_17' title='bbox 571 336 629 376; x_wconf 90' lang='lat' dir='ltr'><strong>non</strong></span> <span class='ocrx_word' id='word_1_18' title='bbox 644 317 724 449; x_wconf 65' lang='lat' dir='ltr'><strong>follit</strong></span> <span class='ocrx_word' id='word_1_19' title='bbox 737 313 794 371; x_wconf 85' lang='lat' dir='ltr'><strong>fine</strong></span> <span class='ocrx_word' id='word_1_20' title='bbox 807 314 954 373; x_wconf 83' lang='lat' dir='ltr'><strong>honestate</strong></span> <span class='ocrx_word' id='word_1_21' title='bbox 969 316 1122 396; x_wconf 78' lang='lat' dir='ltr'><strong>continge·</strong></span> 
     </span>
    </p>

    <p class='ocr_par' dir='ltr' id='par_1_4' title="bbox 248 393 1051 467">
     <span class='ocr_line' id='line_1_4' title="bbox 248 393 1051 467; baseline 0.01 -24"><span class='ocrx_word' id='word_1_22' title='bbox 248 403 296 457; x_wconf 91' lang='lat' dir='ltr'><strong>re,</strong></span> <span class='ocrx_word' id='word_1_23' title='bbox 318 402 383 449; x_wconf 81' lang='lat' dir='ltr'><strong>54ut</strong></span> <span class='ocrx_word' id='word_1_24' title='bbox 392 393 454 466; x_wconf 86' lang='lat' dir='ltr'><strong>jure</strong></span> <span class='ocrx_word' id='word_1_25' title='bbox 469 395 612 467; x_wconf 86' lang='lat' dir='ltr'><strong>quisquam</strong></span> <span class='ocrx_word' id='word_1_26' title='bbox 627 394 764 466; x_wconf 82' lang='lat' dir='ltr'><strong>gorietut.</strong></span> <span class='ocrx_word' id='word_1_27' title='bbox 1048 410 1051 415; x_wconf 88' lang='lat'>·</span> 
     </span>
    </p>

    <p class='ocr_par' dir='ltr' id='par_1_5' title="bbox 204 466 1118 548">
     <span class='ocr_line' id='line_1_5' title="bbox 204 466 1118 548; baseline 0.01 -27"><span class='ocrx_word' id='word_1_28' title='bbox 204 476 236 531; x_wconf 83' lang='grc' dir='ltr'><strong>ςῐ</strong></span> <span class='ocrx_word' id='word_1_29' title='bbox 286 467 370 533; x_wconf 80' lang='lat' dir='ltr'><strong>Dabit</strong></span> <span class='ocrx_word' id='word_1_30' title='bbox 382 470 437 526; x_wconf 89' lang='lat' dir='ltr'><strong>boe</strong></span> <span class='ocrx_word' id='word_1_31' title='bbox 451 468 561 527; x_wconf 86' lang='lat' dir='ltr'><strong>Zenoni</strong></span> <span class='ocrx_word' id='word_1_32' title='bbox 575 470 756 534; x_wconf 78' lang='lat' dir='ltr'><strong>el’oletnon;</strong></span> <span class='ocrx_word' id='word_1_33' title='bbox 782 469 864 528; x_wconf 79' lang='lat' dir='ltr'><strong>eriam</strong></span> <span class='ocrx_word' id='word_1_34' title='bbox 886 466 1023 542; x_wconf 83' lang='lat' dir='ltr'><strong>magister</strong></span> <span class='ocrx_word' id='word_1_35' title='bbox 1044 471 1118 548; x_wconf 83' lang='lat' dir='ltr'><strong>ejtn,</strong></span> 
     </span>
    </p>

    <p class='ocr_par' dir='ltr' id='par_1_6' title="bbox 98 531 1118 848">
     <span class='ocr_line' id='line_1_6' title="bbox 98 531 1118 620; baseline 0.01 -22"><span class='ocrx_word' id='word_1_36' title='bbox 98 545 114 578; x_wconf 71' lang='lat'><strong>⁶</strong></span> <span class='ocrx_word' id='word_1_37' title='bbox 129 531 228 581; x_wconf 61' lang='lat' dir='ltr'><strong>Polemo</strong></span> <span class='ocrx_word' id='word_1_38' title='bbox 250 542 280 598; x_wconf 74' lang='lat' dir='ltr'><strong>bt</strong></span> <span class='ocrx_word' id='word_1_39' title='bbox 293 554 351 601; x_wconf 85' lang='lat' dir='ltr'><strong>tota</strong></span> <span class='ocrx_word' id='word_1_40' title='bbox 364 543 408 601; x_wconf 81' lang='lat' dir='ltr'><strong>illa</strong></span> <span class='ocrx_word' id='word_1_41' title='bbox 422 561 503 618; x_wconf 85' lang='lat' dir='ltr'><strong>gens,</strong></span> <span class='ocrx_word' id='word_1_42' title='bbox 524 547 553 603; x_wconf 90' lang='lat'>&amp;</span> <span class='ocrx_word' id='word_1_43' title='bbox 574 545 691 620; x_wconf 87' lang='lat' dir='ltr'><strong>reliqui,</strong></span> <span class='ocrx_word' id='word_1_44' title='bbox 718 546 772 620; x_wconf 74' lang='lat' dir='ltr'><strong>qui&#39;</strong></span> <span class='ocrx_word' id='word_1_45' title='bbox 780 547 907 604; x_wconf 87' lang='lat' dir='ltr'><strong>virtutem</strong></span> <span class='ocrx_word' id='word_1_46' title='bbox 924 544 1066 606; x_wconf 85' lang='lat' dir='ltr'><strong>omnibus</strong></span> <span class='ocrx_word' id='word_1_47' title='bbox 1079 566 1118 608; x_wconf 91' lang='lat' dir='ltr'><strong>re·</strong></span> 
     </span>
     <span class='ocr_line' id='line_1_7' title="bbox 101 596 1117 701; baseline 0.011 -28"><span class='ocrx_word' id='word_1_48' title='bbox 101 596 177 645; x_wconf 53' lang='lat' dir='ltr'><strong>m·</strong></span> <span class='ocrx_word' id='word_1_49' title='bbox 248 616 296 674; x_wconf 90' lang='lat' dir='ltr'><strong>bus</strong></span> <span class='ocrx_word' id='word_1_50' title='bbox 312 618 401 676; x_wconf 90' lang='lat' dir='ltr'><strong>multo</strong></span> <span class='ocrx_word' id='word_1_51' title='bbox 421 633 642 695; x_wconf 84' lang='lat' dir='ltr'><strong>anteponentes,</strong></span> <span class='ocrx_word' id='word_1_52' title='bbox 668 620 819 696; x_wconf 84' lang='lat' dir='ltr'><strong>adjungunt</strong></span> <span class='ocrx_word' id='word_1_53' title='bbox 839 621 864 677; x_wconf 86' lang='lat' dir='ltr'><strong>ei</strong></span> <span class='ocrx_word' id='word_1_54' title='bbox 891 630 992 679; x_wconf 85' lang='lat' dir='ltr'><strong>tamen</strong></span> <span class='ocrx_word' id='word_1_55' title='bbox 1014 623 1117 701; x_wconf 82' lang='lat' dir='ltr'><strong>aliquid</strong></span> 
     </span>
     <span class='ocr_line' id='line_1_8' title="bbox 247 692 1115 773; baseline 0.012 -22"><span class='ocrx_word' id='word_1_56' title='bbox 247 692 358 752; x_wconf 88' lang='lat' dir='ltr'><strong>summo</strong></span> <span class='ocrx_word' id='word_1_57' title='bbox 372 696 401 753; x_wconf 90' lang='lat' dir='ltr'><strong>in</strong></span> <span class='ocrx_word' id='word_1_58' title='bbox 421 696 498 753; x_wconf 90' lang='lat' dir='ltr'><strong>bono</strong></span> <span class='ocrx_word' id='word_1_59' title='bbox 518 697 649 755; x_wconf 76' lang='lat' dir='ltr'><strong>finiendo·</strong></span> <span class='ocrx_word' id='word_1_60' title='bbox 687 698 715 755; x_wconf 92' lang='lat' dir='ltr'><strong>Si</strong></span> <span class='ocrx_word' id='word_1_61' title='bbox 736 700 812 756; x_wconf 90' lang='lat' dir='ltr'><strong>enirn</strong></span> <span class='ocrx_word' id='word_1_62' title='bbox 840 697 924 754; x_wconf 85' lang='lat' dir='ltr'><strong>virtus</strong></span> <span class='ocrx_word' id='word_1_63' title='bbox 964 696 1053 773; x_wconf 84' lang='lat' dir='ltr'><strong>digno</strong></span> <span class='ocrx_word' id='word_1_64' title='bbox 1079 700 1115 761; x_wconf 79' lang='lat' dir='ltr'><strong>est</strong></span> 
     </span>
     <span class='ocr_line' id='line_1_9' title="bbox 246 770 1114 848; baseline 0.012 -21"><span class='ocrx_word' id='word_1_65' title='bbox 246 770 426 843; x_wconf 81' lang='lat' dir='ltr'><strong>gloriatione,</strong></span> <span class='ocrx_word' id='word_1_66' title='bbox 446 783 476 829; x_wconf 92' lang='lat' dir='ltr'><strong>ut</strong></span> <span class='ocrx_word' id='word_1_67' title='bbox 490 773 544 840; x_wconf 86' lang='lat' dir='ltr'><strong>eli,</strong></span> <span class='ocrx_word' id='word_1_68' title='bbox 563 786 726 847; x_wconf 88' lang='lat' dir='ltr'><strong>tantumque</strong></span> <span class='ocrx_word' id='word_1_69' title='bbox 741 771 1065 848; x_wconf 81' lang='lat' dir='ltr'><strong>praeuatceterisrebus,</strong></span> <span class='ocrx_word' id='word_1_70' title='bbox 1084 788 1114 837; x_wconf 87' lang='lat' dir='ltr'><strong>nt</strong></span> 
     </span>
    </p>

    <p class='ocr_par' dir='ltr' id='par_1_7' title="bbox 248 845 1115 927">
     <span class='ocr_line' id='line_1_10' title="bbox 248 845 1115 927; baseline 0.01 -23"><span class='ocrx_word' id='word_1_71' title='bbox 248 845 303 904; x_wconf 89' lang='lat' dir='ltr'><strong>dici</strong></span> <span class='ocrx_word' id='word_1_72' title='bbox 317 849 363 904; x_wconf 84' lang='lat' dir='ltr'><strong>vix</strong></span> <span class='ocrx_word' id='word_1_73' title='bbox 376 847 471 922; x_wconf 86' lang='lat' dir='ltr'><strong>poffit:</strong></span> <span class='ocrx_word' id='word_1_74' title='bbox 492 851 521 906; x_wconf 70' lang='grc' dir='ltr'><strong>δι</strong></span> <span class='ocrx_word' id='word_1_75' title='bbox 535 850 627 907; x_wconf 83' lang='lat' dir='ltr'><strong>beatus</strong></span> <span class='ocrx_word' id='word_1_76' title='bbox 641 847 699 907; x_wconf 81' lang='lat' dir='ltr'><strong>elie·</strong></span> <span class='ocrx_word' id='word_1_77' title='bbox 711 851 812 923; x_wconf 84' lang='lat' dir='ltr'><strong>poterit</strong></span> <span class='ocrx_word' id='word_1_78' title='bbox 827 850 926 906; x_wconf 86' lang='lat' dir='ltr'><strong>virtute</strong></span> <span class='ocrx_word' id='word_1_79' title='bbox 944 866 1002 908; x_wconf 83' lang='lat' dir='ltr'><strong>una</strong></span> <span class='ocrx_word' id='word_1_80' title='bbox 1016 852 1115 927; x_wconf 77' lang='lat' dir='ltr'><strong>praedi·</strong></span> 
     </span>
    </p>

    <p class='ocr_par' dir='ltr' id='par_1_8' title="bbox 248 925 1113 1004">
     <span class='ocr_line' id='line_1_11' title="bbox 248 925 1113 1004; baseline 0.009 -25"><span class='ocrx_word' id='word_1_81' title='bbox 248 934 309 991; x_wconf 88' lang='lat' dir='ltr'><strong>tus,</strong></span> <span class='ocrx_word' id='word_1_82' title='bbox 328 941 421 981; x_wconf 88' lang='lat' dir='ltr'><strong>carens</strong></span> <span class='ocrx_word' id='word_1_83' title='bbox 435 925 547 993; x_wconf 88' lang='lat' dir='ltr'><strong>ceteris,</strong></span> <span class='ocrx_word' id='word_1_84' title='bbox 566 942 619 982; x_wconf 87' lang='lat' dir='ltr'><strong>nec</strong></span> <span class='ocrx_word' id='word_1_85' title='bbox 633 937 726 983; x_wconf 86' lang='lat' dir='ltr'><strong>tamen</strong></span> <span class='ocrx_word' id='word_1_86' title='bbox 741 925 806 983; x_wconf 92' lang='lat' dir='ltr'><strong>illud</strong></span> <span class='ocrx_word' id='word_1_87' title='bbox 819 925 1113 1004; x_wconf 80' lang='lat' dir='ltr'><strong>tibiconcedet,prae·</strong></span> 
     </span>
    </p>

    <p class='ocr_par' dir='ltr' id='par_1_9' title="bbox 245 999 1111 1231">
     <span class='ocr_line' id='line_1_12' title="bbox 250 999 1111 1073; baseline 0.009 -18"><span class='ocrx_word' id='word_1_88' title='bbox 250 1008 292 1055; x_wconf 88' lang='lat' dir='ltr'><strong>ter</strong></span> <span class='ocrx_word' id='word_1_89' title='bbox 311 1001 441 1072; x_wconf 76' lang='lat' dir='ltr'><strong>virtutem</strong></span> <span class='ocrx_word' id='word_1_90' title='bbox 461 1001 526 1058; x_wconf 91' lang='lat' dir='ltr'><strong>nihil</strong></span> <span class='ocrx_word' id='word_1_91' title='bbox 550 1001 577 1058; x_wconf 88' lang='lat' dir='ltr'><strong>in</strong></span> <span class='ocrx_word' id='word_1_92' title='bbox 593 1001 670 1059; x_wconf 92' lang='lat' dir='ltr'><strong>bonis</strong></span> <span class='ocrx_word' id='word_1_93' title='bbox 684 999 737 1059; x_wconf 87' lang='lat' dir='ltr'><strong>effe</strong></span> <span class='ocrx_word' id='word_1_94' title='bbox 750 1001 924 1060; x_wconf 86' lang='lat' dir='ltr'><strong>ducendum:</strong></span> <span class='ocrx_word' id='word_1_95' title='bbox 944 1001 986 1059; x_wconf 89' lang='lat' dir='ltr'><strong>illi</strong></span> <span class='ocrx_word' id='word_1_96' title='bbox 999 1016 1111 1073; x_wconf 88' lang='lat' dir='ltr'><strong>autem,</strong></span> 
     </span>
     <span class='ocr_line' id='line_1_13' title="bbox 245 1075 1111 1149; baseline 0.012 -18"><span class='ocrx_word' id='word_1_97' title='bbox 245 1075 497 1149; x_wconf 84' lang='lat' dir='ltr'><strong>quibussummum</strong></span> <span class='ocrx_word' id='word_1_98' title='bbox 520 1078 625 1134; x_wconf 90' lang='lat' dir='ltr'><strong>bonurn</strong></span> <span class='ocrx_word' id='word_1_99' title='bbox 647 1077 702 1135; x_wconf 86' lang='lat' dir='ltr'><strong>fine</strong></span> <span class='ocrx_word' id='word_1_100' title='bbox 723 1079 822 1135; x_wconf 84' lang='lat' dir='ltr'><strong>virtute</strong></span> <span class='ocrx_word' id='word_1_101' title='bbox 845 1076 906 1143; x_wconf 87' lang='lat' dir='ltr'><strong>est,</strong></span> <span class='ocrx_word' id='word_1_102' title='bbox 924 1092 989 1136; x_wconf 90' lang='lat' dir='ltr'><strong>non</strong></span> <span class='ocrx_word' id='word_1_103' title='bbox 1010 1078 1111 1141; x_wconf 75' lang='lat' dir='ltr'><strong>dabunt</strong></span> 
     </span>
     <span class='ocr_line' id='line_1_14' title="bbox 248 1148 1111 1231; baseline 0.008 -24"><span class='ocrx_word' id='word_1_104' title='bbox 248 1148 374 1219; x_wconf 84' lang='lat' dir='ltr'><strong>fortalle,</strong></span> <span class='ocrx_word' id='word_1_105' title='bbox 394 1154 478 1210; x_wconf 88' lang='lat' dir='ltr'><strong>vitam</strong></span> <span class='ocrx_word' id='word_1_106' title='bbox 493 1153 599 1210; x_wconf 84' lang='lat' dir='ltr'><strong>beatam</strong></span> <span class='ocrx_word' id='word_1_107' title='bbox 613 1154 727 1220; x_wconf 88' lang='lat' dir='ltr'><strong>habere;</strong></span> <span class='ocrx_word' id='word_1_108' title='bbox 748 1155 777 1211; x_wconf 92' lang='lat' dir='ltr'><strong>in</strong></span> <span class='ocrx_word' id='word_1_109' title='bbox 798 1170 856 1230; x_wconf 91' lang='lat' dir='ltr'><strong>quo</strong></span> <span class='ocrx_word' id='word_1_110' title='bbox 872 1152 935 1226; x_wconf 87' lang='lat' dir='ltr'><strong>jure</strong></span> <span class='ocrx_word' id='word_1_111' title='bbox 958 1154 1044 1228; x_wconf 87' lang='lat' dir='ltr'><strong>poffit</strong></span> <span class='ocrx_word' id='word_1_112' title='bbox 1055 1157 1111 1231; x_wconf 82' lang='lat' dir='ltr'><strong>glo-</strong></span> 
     </span>
    </p>

    <p class='ocr_par' dir='ltr' id='par_1_10' title="bbox 207 1227 1109 1381">
     <span class='ocr_line' id='line_1_15' title="bbox 248 1227 1109 1304; baseline 0.012 -20"><span class='ocrx_word' id='word_1_113' title='bbox 248 1228 316 1285; x_wconf 79' lang='lat' dir='ltr'><strong>tiari.</strong></span> <span class='ocrx_word' id='word_1_114' title='bbox 350 1227 398 1285; x_wconf 89' lang='lat' dir='ltr'><strong>etsr</strong></span> <span class='ocrx_word' id='word_1_115' title='bbox 410 1227 446 1286; x_wconf 90' lang='lat' dir='ltr'><strong>illi</strong></span> <span class='ocrx_word' id='word_1_116' title='bbox 462 1229 573 1303; x_wconf 90' lang='lat' dir='ltr'><strong>quidem</strong></span> <span class='ocrx_word' id='word_1_117' title='bbox 588 1230 671 1286; x_wconf 86' lang='lat' dir='ltr'><strong>etiam</strong></span> <span class='ocrx_word' id='word_1_118' title='bbox 687 1229 839 1304; x_wconf 86' lang='lat' dir='ltr'><strong>voluptates</strong></span> <span class='ocrx_word' id='word_1_119' title='bbox 852 1229 1109 1293; x_wconf 55' lang='lat' dir='ltr'><strong>beiuntrinrerdun</strong></span> 
     </span>
     <span class='ocr_line' id='line_1_16' title="bbox 207 1303 1109 1381; baseline 0.008 -21"><span class='ocrx_word' id='word_1_120' title='bbox 207 1303 383 1376; x_wconf 79' lang='lat' dir='ltr'><strong>52gloriolas.</strong></span> <span class='ocrx_word' id='word_1_121' title='bbox 422 1305 507 1362; x_wconf 87' lang='lat' dir='ltr'><strong>Vides</strong></span> <span class='ocrx_word' id='word_1_122' title='bbox 528 1306 631 1378; x_wconf 84' lang='lat' dir='ltr'><strong>igitur,</strong></span> <span class='ocrx_word' id='word_1_123' title='bbox 652 1317 679 1362; x_wconf 89' lang='lat' dir='ltr'><strong>te</strong></span> <span class='ocrx_word' id='word_1_124' title='bbox 699 1317 746 1362; x_wconf 90' lang='lat' dir='ltr'><strong>aut</strong></span> <span class='ocrx_word' id='word_1_125' title='bbox 765 1322 798 1363; x_wconf 90' lang='lat' dir='ltr'><strong>ea</strong></span> <span class='ocrx_word' id='word_1_126' title='bbox 820 1305 952 1372; x_wconf 73' lang='lat' dir='ltr'><strong>lumere‘,</strong></span> <span class='ocrx_word' id='word_1_127' title='bbox 972 1322 1041 1381; x_wconf 82' lang='lat' dir='ltr'><strong>quae</strong></span> <span class='ocrx_word' id='word_1_128' title='bbox 1053 1327 1109 1370; x_wconf 91' lang='lat' dir='ltr'><strong>non</strong></span> 
     </span>
    </p>
   </div>
   <div class='ocr_carea' id='block_1_3' title="bbox 98 1368 1111 1514">
    <p class='ocr_par' dir='ltr' id='par_1_11' title="bbox 98 1368 1111 1514">
     <span class='ocr_line' id='line_1_17' title="bbox 98 1368 1111 1484; baseline 0.031 -69"><span class='ocrx_word' id='word_1_129' title='bbox 98 1368 239 1484; x_wconf 48' lang='lat' dir='ltr'><strong>mitem</strong></span> <span class='ocrx_word' id='word_1_130' title='bbox 247 1379 451 1449; x_wconf 71' lang='lat' dir='ltr'><strong>concedantur,</strong></span> <span class='ocrx_word' id='word_1_131' title='bbox 470 1393 516 1438; x_wconf 79' lang='lat' dir='ltr'><strong>aut</strong></span> <span class='ocrx_word' id='word_1_132' title='bbox 529 1398 578 1451; x_wconf 88' lang='lat' dir='ltr'><strong>ea,</strong></span> <span class='ocrx_word' id='word_1_133' title='bbox 593 1398 657 1456; x_wconf 86' lang='lat' dir='ltr'><strong>quae</strong></span> <span class='ocrx_word' id='word_1_134' title='bbox 671 1383 754 1439; x_wconf 85' lang='lat' dir='ltr'><strong>eriam</strong></span> <span class='ocrx_word' id='word_1_135' title='bbox 769 1377 909 1449; x_wconf 71' lang='lat' dir='ltr'><strong>concello,</strong></span> <span class='ocrx_word' id='word_1_136' title='bbox 928 1389 959 1439; x_wconf 89' lang='lat' dir='ltr'><strong>te</strong></span> <span class='ocrx_word' id='word_1_137' title='bbox 972 1374 1111 1461; x_wconf 65' lang='lat' dir='ltr'><strong>nibil-‘jus-</strong></span> 
     </span>
     <span class='ocr_line' id='line_1_18' title="bbox 177 1466 616 1514; baseline 0.039 -4"><span class='ocrx_word' id='word_1_138' title='bbox 177 1466 186 1483; x_wconf 93' lang='lat'>·</span> <span class='ocrx_word' id='word_1_139' title='bbox 246 1470 321 1514; x_wconf 87' lang='lat' dir='ltr'><strong>vent.</strong></span> <span class='ocrx_word' id='word_1_140' title='bbox 613 1496 616 1500; x_wconf 93' lang='lat'>·</span> 
     </span>
    </p>
   </div>
   <div class='ocr_carea' id='block_1_4' title="bbox 100 1532 1110 2064">
    <p class='ocr_par' dir='ltr' id='par_1_12' title="bbox 245 1532 1109 1914">
     <span class='ocr_line' id='line_1_19' title="bbox 284 1532 1109 1603; baseline 0.008 -13"><span class='ocrx_word' id='word_1_141' title='bbox 284 1533 360 1590; x_wconf 88' lang='lat' dir='ltr'>XIX.</span> <span class='ocrx_word' id='word_1_142' title='bbox 380 1533 562 1603; x_wconf 67' lang='lat' dir='ltr'><strong>Eoutorn</strong></span> <span class='ocrx_word' id='word_1_143' title='bbox 590 1534 618 1590; x_wconf 91' lang='lat' dir='ltr'><strong>in</strong></span> <span class='ocrx_word' id='word_1_144' title='bbox 652 1533 779 1592; x_wconf 87' lang='lat' dir='ltr'><strong>omnibus</strong></span> <span class='ocrx_word' id='word_1_145' title='bbox 804 1533 856 1592; x_wconf 83' lang='lat' dir='ltr'><strong>iliis</strong></span> <span class='ocrx_word' id='word_1_146' title='bbox 890 1532 1109 1597; x_wconf 74' lang='lat' dir='ltr'><strong>concinionibus</strong></span> 
     </span>
     <span class='ocr_line' id='line_1_20' title="bbox 248 1608 1108 1686; baseline 0.007 -20"><span class='ocrx_word' id='word_1_147' title='bbox 248 1608 305 1667; x_wconf 88' lang='lat' dir='ltr'><strong>hoe</strong></span> <span class='ocrx_word' id='word_1_148' title='bbox 318 1621 442 1685; x_wconf 84' lang='lat' dir='ltr'><strong>putarem</strong></span> <span class='ocrx_word' id='word_1_149' title='bbox 464 1608 632 1683; x_wconf 67' lang='lat' dir='ltr'><strong>philosophici</strong></span> <span class='ocrx_word' id='word_1_150' title='bbox 658 1611 791 1686; x_wconf 90' lang='lat' dir='ltr'><strong>nobisque</strong></span> <span class='ocrx_word' id='word_1_151' title='bbox 807 1609 948 1684; x_wconf 87' lang='lat' dir='ltr'><strong>dignum,</strong></span> <span class='ocrx_word' id='word_1_152' title='bbox 971 1610 1003 1669; x_wconf 74' lang='grc' dir='ltr'><strong>δι</strong></span> <span class='ocrx_word' id='word_1_153' title='bbox 1023 1614 1108 1672; x_wconf 73' lang='lat' dir='ltr'><strong>mixi-</strong></span> 
     </span>
     <span class='ocr_line' id='line_1_21' title="bbox 245 1683 1107 1763; baseline 0.005 -20"><span class='ocrx_word' id='word_1_154' title='bbox 245 1683 533 1753; x_wconf 70' lang='lat' dir='ltr'><strong>me,ci1msunrmum</strong></span> <span class='ocrx_word' id='word_1_155' title='bbox 547 1685 652 1743; x_wconf 88' lang='lat' dir='ltr'><strong>bonum</strong></span> <span class='ocrx_word' id='word_1_156' title='bbox 664 1702 849 1763; x_wconf 83' lang='lat' dir='ltr'><strong>quaereremus</strong></span> <span class='ocrx_word' id='word_1_157' title='bbox 859 1686 961 1754; x_wconf 85' lang='lat' dir='ltr'><strong>‚vitam</strong></span> <span class='ocrx_word' id='word_1_158' title='bbox 978 1687 1107 1760; x_wconf 80' lang='lat' dir='ltr'><strong>nolinrn,</strong></span> 
     </span>
     <span class='ocr_line' id='line_1_22' title="bbox 247 1760 1107 1839; baseline 0.008 -21"><span class='ocrx_word' id='word_1_159' title='bbox 247 1760 356 1819; x_wconf 83' lang='lat' dir='ltr'><strong>contilia</strong></span> <span class='ocrx_word' id='word_1_160' title='bbox 373 1803 382 1828; x_wconf 94' lang='lat'><strong>,</strong></span> <span class='ocrx_word' id='word_1_161' title='bbox 402 1763 577 1829; x_wconf 89' lang='lat' dir='ltr'><strong>voluntates,</strong></span> <span class='ocrx_word' id='word_1_162' title='bbox 607 1780 663 1820; x_wconf 92' lang='lat' dir='ltr'><strong>non</strong></span> <span class='ocrx_word' id='word_1_163' title='bbox 690 1762 771 1820; x_wconf 81' lang='lat' dir='ltr'><strong>verba</strong></span> <span class='ocrx_word' id='word_1_164' title='bbox 799 1763 907 1837; x_wconf 86' lang='lat' dir='ltr'><strong>corrigi.</strong></span> <span class='ocrx_word' id='word_1_165' title='bbox 944 1764 1003 1839; x_wconf 81' lang='lat' dir='ltr'><strong>quis</strong></span> <span class='ocrx_word' id='word_1_166' title='bbox 1030 1765 1107 1825; x_wconf 85' lang='lat' dir='ltr'><strong>enim</strong></span> 
     </span>
     <span class='ocr_line' id='line_1_23' title="bbox 247 1836 1107 1914; baseline 0.005 -20"><span class='ocrx_word' id='word_1_167' title='bbox 247 1837 334 1910; x_wconf 87' lang='lat' dir='ltr'><strong>potest</strong></span> <span class='ocrx_word' id='word_1_168' title='bbox 348 1837 422 1904; x_wconf 84' lang='lat' dir='ltr'><strong>illis,</strong></span> <span class='ocrx_word' id='word_1_169' title='bbox 449 1854 512 1914; x_wconf 84' lang='lat' dir='ltr'><strong>quae</strong></span> <span class='ocrx_word' id='word_1_170' title='bbox 533 1850 579 1904; x_wconf 89' lang='lat' dir='ltr'><strong>te,</strong></span> <span class='ocrx_word' id='word_1_171' title='bbox 600 1849 630 1894; x_wconf 89' lang='lat' dir='ltr'><strong>ut</strong></span> <span class='ocrx_word' id='word_1_172' title='bbox 650 1839 710 1905; x_wconf 89' lang='lat' dir='ltr'><strong>ais,</strong></span> <span class='ocrx_word' id='word_1_173' title='bbox 730 1836 889 1905; x_wconf 74' lang='lat' dir='ltr'><strong>deledant,</strong></span> <span class='ocrx_word' id='word_1_174' title='bbox 911 1837 1041 1913; x_wconf 20' lang='lat' dir='ltr'><strong>‘brevibus</strong></span> <span class='ocrx_word' id='word_1_175' title='bbox 1074 1842 1107 1911; x_wconf 68' lang='lat' dir='ltr'><strong>de</strong></span> 
     </span>
    </p>

    <p class='ocr_par' dir='ltr' id='par_1_13' title="bbox 100 1910 1109 1983">
     <span class='ocr_line' id='line_1_24' title="bbox 100 1910 1109 1983; baseline 0.01 -17"><span class='ocrx_word' id='word_1_176' title='bbox 100 1915 349 1981; x_wconf 60' lang='lat' dir='ltr'><strong>nenvillacutis,</strong></span> <span class='ocrx_word' id='word_1_177' title='bbox 369 1915 482 1982; x_wconf 86' lang='lat' dir='ltr'><strong>auditis,</strong></span> <span class='ocrx_word' id='word_1_178' title='bbox 502 1914 537 1970; x_wconf 88' lang='lat' dir='ltr'><strong>de</strong></span> <span class='ocrx_word' id='word_1_179' title='bbox 550 1913 680 1971; x_wconf 86' lang='lat' dir='ltr'><strong>sententia</strong></span> <span class='ocrx_word' id='word_1_180' title='bbox 695 1910 848 1972; x_wconf 85' lang='lat' dir='ltr'><strong>decedere?</strong></span> <span class='ocrx_word' id='word_1_181' title='bbox 868 1914 964 1983; x_wconf 90' lang='lat' dir='ltr'><strong>Nam,</strong></span> <span class='ocrx_word' id='word_1_182' title='bbox 981 1911 1109 1976; x_wconf 70' lang='lat' dir='ltr'><strong>cdmteu</strong></span> 
     </span>
    </p>

    <p class='ocr_par' dir='ltr' id='par_1_14' title="bbox 101 1980 1110 2064">
     <span class='ocr_line' id='line_1_25' title="bbox 101 1980 1110 2064; baseline 0.006 -19"><span class='ocrx_word' id='word_1_183' title='bbox 101 1980 212 2045; x_wconf 72' lang='lat' dir='ltr'><strong>gexspe·</strong></span> <span class='ocrx_word' id='word_1_184' title='bbox 248 1988 367 2064; x_wconf 72' lang='lat' dir='ltr'><strong>spedant</strong></span> <span class='ocrx_word' id='word_1_185' title='bbox 392 1992 421 2049; x_wconf 69' lang='grc' dir='ltr'><strong>ὃ(</strong></span> <span class='ocrx_word' id='word_1_186' title='bbox 442 2002 526 2049; x_wconf 85' lang='lat' dir='ltr'><strong>avent</strong></span> <span class='ocrx_word' id='word_1_187' title='bbox 545 1990 653 2057; x_wconf 75' lang='lat' dir='ltr'><strong>audire,</strong></span> <span class='ocrx_word' id='word_1_188' title='bbox 673 2006 721 2050; x_wconf 87' lang='lat' dir='ltr'><strong>cur</strong></span> <span class='ocrx_word' id='word_1_189' title='bbox 741 1989 821 2048; x_wconf 92' lang='lat' dir='ltr'><strong>doiot</strong></span> <span class='ocrx_word' id='word_1_190' title='bbox 852 1991 960 2049; x_wconf 88' lang='lat' dir='ltr'><strong>malum</strong></span> <span class='ocrx_word' id='word_1_191' title='bbox 981 2008 1042 2051; x_wconf 90' lang='lat' dir='ltr'><strong>non</strong></span> <span class='ocrx_word' id='word_1_192' title='bbox 1060 1990 1110 2062; x_wconf 80' lang='lat' dir='ltr'><strong>fit,</strong></span> 
     </span>
    </p>
   </div>
   <div class='ocr_carea' id='block_1_5' title="bbox 100 2048 1114 2129">
    <p class='ocr_par' dir='ltr' id='par_1_15' title="bbox 100 2048 1114 2129">
     <span class='ocr_line' id='line_1_26' title="bbox 100 2048 1114 2129; baseline 0.002 -34"><span class='ocrx_word' id='word_1_193' title='bbox 100 2048 166 2095; x_wconf 65' lang='lat' dir='ltr'><strong>dim</strong></span> <span class='ocrx_word' id='word_1_194' title='bbox 174 2051 225 2097; x_wconf 75' lang='lat' dir='ltr'><strong>altr.</strong></span> <span class='ocrx_word' id='word_1_195' title='bbox 1072 2068 1114 2129; x_wconf 57' lang='lat' dir='ltr'><strong>dl·</strong></span> 
     </span>
    </p>
   </div>
   <div class='ocr_carea' id='block_1_6' title="bbox 156 2258 1111 3575">
    <p class='ocr_par' dir='ltr' id='par_1_16' title="bbox 156 2258 1111 2388">
     <span class='ocr_line' id='line_1_27' title="bbox 156 2258 1111 2329; baseline 0.003 -18"><span class='ocrx_word' id='word_1_196' title='bbox 156 2280 159 2285; x_wconf 65' lang='lat'><strong><em>¹</em></strong></span> <span class='ocrx_word' id='word_1_197' title='bbox 234 2265 367 2323; x_wconf 73' lang='lat' dir='ltr'><strong>filiarium,</strong></span> <span class='ocrx_word' id='word_1_198' title='bbox 383 2264 448 2329; x_wconf 89' lang='lat' dir='ltr'><strong>quod</strong></span> <span class='ocrx_word' id='word_1_199' title='bbox 468 2265 508 2313; x_wconf 87' lang='lat' dir='ltr'><strong>ille</strong></span> <span class='ocrx_word' id='word_1_200' title='bbox 524 2265 687 2328; x_wconf 86' lang='lat' dir='ltr'><strong>interpretatur</strong></span> <span class='ocrx_word' id='word_1_201' title='bbox 698 2262 794 2319; x_wconf 86' lang='lat' dir='ltr'><strong>efficax,</strong></span> <span class='ocrx_word' id='word_1_202' title='bbox 811 2261 948 2327; x_wconf 72' lang='lat' dir='ltr'><strong>poletrum.</strong></span> <span class='ocrx_word' id='word_1_203' title='bbox 975 2258 1017 2311; x_wconf 87' lang='lat' dir='ltr'><strong>ubi</strong></span> <span class='ocrx_word' id='word_1_204' title='bbox 1028 2274 1111 2317; x_wconf 68' lang='lat' dir='ltr'><strong>temen</strong></span> 
     </span>
     <span class='ocr_line' id='line_1_28' title="bbox 231 2326 1008 2388; baseline 0.001 -15"><span class='ocrx_word' id='word_1_205' title='bbox 231 2326 371 2388; x_wconf 83' lang='lat' dir='ltr'><strong>.impreflum</strong></span> <span class='ocrx_word' id='word_1_206' title='bbox 381 2329 413 2377; x_wconf 77' lang='lat' dir='ltr'><strong>eh</strong></span> <span class='ocrx_word' id='word_1_207' title='bbox 424 2331 584 2388; x_wconf 68' lang='lat' dir='ltr'><strong>sooictiarr&#39;um,</strong></span> <span class='ocrx_word' id='word_1_208' title='bbox 601 2344 664 2382; x_wconf 89' lang='lat' dir='ltr'><strong>non,</strong></span> <span class='ocrx_word' id='word_1_209' title='bbox 681 2329 837 2387; x_wconf 56' lang='lat' dir='ltr'><strong>consedentium.</strong></span> <span class='ocrx_word' id='word_1_210' title='bbox 868 2326 1008 2374; x_wconf 75' lang='lat' dir='ltr'><strong>Lambinus.</strong></span> 
     </span>
    </p>

    <p class='ocr_par' dir='ltr' id='par_1_17' title="bbox 241 2387 1111 2642">
     <span class='ocr_line' id='line_1_29' title="bbox 274 2387 1109 2452; baseline 0.004 -16"><span class='ocrx_word' id='word_1_211' title='bbox 274 2405 309 2444; x_wconf 84' lang='lat'><strong>52·</strong></span> <span class='ocrx_word' id='word_1_212' title='bbox 326 2393 402 2448; x_wconf 77' lang='lat' dir='ltr'><strong>Hebes,</strong></span> <span class='ocrx_word' id='word_1_213' title='bbox 418 2394 505 2437; x_wconf 79' lang='lat' dir='ltr'><strong>illorum</strong></span> <span class='ocrx_word' id='word_1_214' title='bbox 516 2393 662 2452; x_wconf 64' lang='lat' dir='ltr'><strong>gloriatione]</strong></span> <span class='ocrx_word' id='word_1_215' title='bbox 679 2390 717 2437; x_wconf 81' lang='lat' dir='ltr'><strong>Est</strong></span> <span class='ocrx_word' id='word_1_216' title='bbox 729 2394 740 2437; x_wconf 73' lang='lat' dir='ltr'><strong>‘a</strong></span> <span class='ocrx_word' id='word_1_217' title='bbox 753 2388 885 2445; x_wconf 68' lang='lat' dir='ltr'><strong>coniectura</strong></span> <span class='ocrx_word' id='word_1_218' title='bbox 898 2390 987 2436; x_wconf 83' lang='lat' dir='ltr'><strong>Mureti</strong></span> <span class='ocrx_word' id='word_1_219' title='bbox 999 2387 1064 2438; x_wconf 88' lang='lat' dir='ltr'><strong>libro</strong></span> <span class='ocrx_word' id='word_1_220' title='bbox 1073 2404 1109 2441; x_wconf 78' lang='lat' dir='ltr'><strong>tv.</strong></span> 
     </span>
     <span class='ocr_line' id='line_1_30' title="bbox 242 2450 1108 2518; baseline 0.005 -21"><span class='ocrx_word' id='word_1_221' title='bbox 242 2455 295 2500; x_wconf 84' lang='lat' dir='ltr'><strong>var.</strong></span> <span class='ocrx_word' id='word_1_222' title='bbox 307 2454 371 2502; x_wconf 73' lang='lat' dir='ltr'><strong>Ledi.</strong></span> <span class='ocrx_word' id='word_1_223' title='bbox 384 2469 434 2518; x_wconf 81' lang='lat' dir='ltr'><strong>cap.</strong></span> <span class='ocrx_word' id='word_1_224' title='bbox 449 2470 483 2511; x_wconf 86' lang='lat' dir='ltr'><strong>r4.</strong></span> <span class='ocrx_word' id='word_1_225' title='bbox 505 2452 643 2501; x_wconf 81' lang='lat' dir='ltr'><strong>confirmata</strong></span> <span class='ocrx_word' id='word_1_226' title='bbox 653 2452 738 2501; x_wconf 87' lang='lat' dir='ltr'><strong>deinde</strong></span> <span class='ocrx_word' id='word_1_227' title='bbox 749 2450 892 2499; x_wconf 84' lang='lat' dir='ltr'><strong>membranis</strong></span> <span class='ocrx_word' id='word_1_228' title='bbox 901 2451 986 2499; x_wconf 84' lang='lat' dir='ltr'><strong>caroli</strong></span> <span class='ocrx_word' id='word_1_229' title='bbox 1000 2452 1108 2516; x_wconf 77' lang='lat' dir='ltr'><strong>sigonii,</strong></span> 
     </span>
     <span class='ocr_line' id='line_1_31' title="bbox 241 2514 1111 2578; baseline 0.005 -19"><span class='ocrx_word' id='word_1_230' title='bbox 241 2525 266 2560; x_wconf 89' lang='lat' dir='ltr'><strong>ut</strong></span> <span class='ocrx_word' id='word_1_231' title='bbox 278 2515 378 2577; x_wconf 90' lang='lat' dir='ltr'><strong>prodidit</strong></span> <span class='ocrx_word' id='word_1_232' title='bbox 387 2518 503 2565; x_wconf 79' lang='lat' dir='ltr'><strong>blanutius</strong></span> <span class='ocrx_word' id='word_1_233' title='bbox 511 2520 600 2578; x_wconf 87' lang='lat' dir='ltr'><strong>Nepos.</strong></span> <span class='ocrx_word' id='word_1_234' title='bbox 617 2518 677 2578; x_wconf 88' lang='lat' dir='ltr'><strong>prius</strong></span> <span class='ocrx_word' id='word_1_235' title='bbox 689 2515 808 2578; x_wconf 85' lang='lat' dir='ltr'><strong>legebatur</strong></span> <span class='ocrx_word' id='word_1_236' title='bbox 819 2514 932 2575; x_wconf 80' lang='lat' dir='ltr'><strong>amplius,</strong></span> <span class='ocrx_word' id='word_1_237' title='bbox 949 2516 1111 2575; x_wconf 68' lang='lat' dir='ltr'><strong>illerumsca‘le&#39;·</strong></span> 
     </span>
     <span class='ocr_line' id='line_1_32' title="bbox 241 2576 1003 2642; baseline 0.003 -21"><span class='ocrx_word' id='word_1_238' title='bbox 241 2589 271 2622; x_wconf 81' lang='lat' dir='ltr'><strong>cer</strong></span> <span class='ocrx_word' id='word_1_239' title='bbox 282 2585 391 2626; x_wconf 77' lang='lat' dir='ltr'><strong>nominum</strong></span> <span class='ocrx_word' id='word_1_240' title='bbox 396 2584 523 2642; x_wconf 82' lang='lat' dir='ltr'><strong>gloriatione</strong></span> <span class='ocrx_word' id='word_1_241' title='bbox 536 2596 544 2624; x_wconf 93' lang='lat'><em>:</em></span> <span class='ocrx_word' id='word_1_242' title='bbox 560 2580 626 2640; x_wconf 91' lang='lat' dir='ltr'><strong>quod</strong></span> <span class='ocrx_word' id='word_1_243' title='bbox 637 2581 662 2626; x_wconf 77' lang='grc' dir='ltr'><strong>δι</strong></span> <span class='ocrx_word' id='word_1_244' title='bbox 673 2580 696 2625; x_wconf 92' lang='lat' dir='ltr'><strong>in</strong></span> <span class='ocrx_word' id='word_1_245' title='bbox 708 2577 816 2625; x_wconf 82' lang='lat' dir='ltr'><strong>omnibus</strong></span> <span class='ocrx_word' id='word_1_246' title='bbox 837 2576 893 2625; x_wconf 77' lang='lat' dir='ltr'><strong>roll.</strong></span> <span class='ocrx_word' id='word_1_247' title='bbox 914 2579 1003 2624; x_wconf 79' lang='lat' dir='ltr'><strong>Gruter.</strong></span> 
     </span>
    </p>

    <p class='ocr_par' dir='ltr' id='par_1_18' title="bbox 240 2638 1110 2822">
     <span class='ocr_line' id='line_1_33' title="bbox 271 2638 1110 2709; baseline 0.004 -23"><span class='ocrx_word' id='word_1_248' title='bbox 271 2657 306 2696; x_wconf 87' lang='lat'><strong>53.</strong></span> <span class='ocrx_word' id='word_1_249' title='bbox 327 2645 438 2697; x_wconf 54' lang='lat' dir='ltr'><strong>Quodnon</strong></span> <span class='ocrx_word' id='word_1_250' title='bbox 446 2642 623 2705; x_wconf 61' lang='lat' dir='ltr'><strong>plffiffine&amp;‹&#39;·]</strong></span> <span class='ocrx_word' id='word_1_251' title='bbox 647 2646 683 2689; x_wconf 85' lang='lat' dir='ltr'><strong>lta</strong></span> <span class='ocrx_word' id='word_1_252' title='bbox 697 2641 792 2687; x_wconf 84' lang='lat' dir='ltr'><strong>Palatini</strong></span> <span class='ocrx_word' id='word_1_253' title='bbox 804 2638 909 2700; x_wconf 74' lang='lat' dir='ltr'><strong>aliquot3</strong></span> <span class='ocrx_word' id='word_1_254' title='bbox 926 2638 1069 2709; x_wconf 64' lang='lat' dir='ltr'><strong>lesplbitque</strong></span> <span class='ocrx_word' id='word_1_255' title='bbox 1079 2639 1110 2693; x_wconf 64' lang='lat' dir='ltr'><strong>ad</strong></span> 
     </span>
     <span class='ocr_line' id='line_1_34' title="bbox 241 2700 1108 2769; baseline -0.001 -19"><span class='ocrx_word' id='word_1_256' title='bbox 241 2717 268 2750; x_wconf 86' lang='lat' dir='ltr'><strong>ear</strong></span> <span class='ocrx_word' id='word_1_257' title='bbox 276 2739 280 2756; x_wconf 84' lang='lat'><strong>,</strong></span> <span class='ocrx_word' id='word_1_258' title='bbox 289 2719 338 2767; x_wconf 76' lang='lat' dir='ltr'><strong>que</strong></span> <span class='ocrx_word' id='word_1_259' title='bbox 350 2704 470 2753; x_wconf 82' lang='lat' dir='ltr'><strong>habuimus</strong></span> <span class='ocrx_word' id='word_1_260' title='bbox 482 2704 545 2768; x_wconf 85' lang='lat' dir='ltr'><strong>supra</strong></span> <span class='ocrx_word' id='word_1_261' title='bbox 556 2703 616 2752; x_wconf 89' lang='lat' dir='ltr'><strong>libro</strong></span> <span class='ocrx_word' id='word_1_262' title='bbox 624 2718 666 2750; x_wconf 88' lang='lat' dir='ltr'><strong>trr.</strong></span> <span class='ocrx_word' id='word_1_263' title='bbox 684 2718 733 2765; x_wconf 85' lang='lat' dir='ltr'><strong>cap.</strong></span> <span class='ocrx_word' id='word_1_264' title='bbox 741 2712 762 2751; x_wconf 82' lang='lat'><strong>8.</strong></span> <span class='ocrx_word' id='word_1_265' title='bbox 780 2700 836 2750; x_wconf 89' lang='lat' dir='ltr'><strong>editi</strong></span> <span class='ocrx_word' id='word_1_266' title='bbox 847 2714 929 2758; x_wconf 84' lang='lat' dir='ltr'><strong>antea,</strong></span> <span class='ocrx_word' id='word_1_267' title='bbox 945 2717 991 2765; x_wconf 76' lang='lat' dir='ltr'><strong>qua</strong></span> <span class='ocrx_word' id='word_1_268' title='bbox 1003 2718 1048 2749; x_wconf 73' lang='lat' dir='ltr'><strong>eon</strong></span> <span class='ocrx_word' id='word_1_269' title='bbox 1062 2704 1108 2769; x_wconf 59' lang='lat' dir='ltr'><strong>dfe.</strong></span> 
     </span>
     <span class='ocr_line' id='line_1_35' title="bbox 240 2766 732 2822; baseline 0 -8"><span class='ocrx_word' id='word_1_270' title='bbox 240 2780 296 2814; x_wconf 81' lang='lat' dir='ltr'><strong>naut</strong></span> <span class='ocrx_word' id='word_1_271' title='bbox 309 2767 449 2822; x_wconf 80' lang='lat' dir='ltr'><strong>Lambinus,</strong></span> <span class='ocrx_word' id='word_1_272' title='bbox 466 2773 518 2817; x_wconf 75' lang='lat' dir='ltr'><strong>auio</strong></span> <span class='ocrx_word' id='word_1_273' title='bbox 530 2785 568 2813; x_wconf 82' lang='lat' dir='ltr'><strong>noo</strong></span> <span class='ocrx_word' id='word_1_274' title='bbox 581 2771 625 2818; x_wconf 67' lang='lat' dir='ltr'><strong>&amp;a</strong></span> <span class='ocrx_word' id='word_1_275' title='bbox 658 2766 732 2815; x_wconf 91' lang='lat' dir='ltr'><strong>ldetn.</strong></span> 
     </span>
    </p>

    <p class='ocr_par' dir='ltr' id='par_1_19' title="bbox 272 2823 1108 2894">
     <span class='ocr_line' id='line_1_36' title="bbox 272 2823 1108 2894; baseline 0 -17"><span class='ocrx_word' id='word_1_276' title='bbox 272 2847 307 2885; x_wconf 86' lang='lat'><strong>54.</strong></span> <span class='ocrx_word' id='word_1_277' title='bbox 324 2838 356 2876; x_wconf 80' lang='lat' dir='ltr'><strong>vr</strong></span> <span class='ocrx_word' id='word_1_278' title='bbox 366 2835 416 2889; x_wconf 75' lang='lat' dir='ltr'><strong>jure</strong></span> <span class='ocrx_word' id='word_1_279' title='bbox 426 2824 538 2894; x_wconf 73' lang='lat' dir='ltr'><strong>quisquam</strong></span> <span class='ocrx_word' id='word_1_280' title='bbox 545 2833 669 2889; x_wconf 70' lang='lat' dir='ltr'><strong>glorietur]</strong></span> <span class='ocrx_word' id='word_1_281' title='bbox 694 2830 729 2876; x_wconf 89' lang='lat' dir='ltr'><strong>sic</strong></span> <span class='ocrx_word' id='word_1_282' title='bbox 739 2829 840 2876; x_wconf 89' lang='lat' dir='ltr'><strong>omnino</strong></span> <span class='ocrx_word' id='word_1_283' title='bbox 856 2826 880 2874; x_wconf 91' lang='lat' dir='ltr'><strong>in</strong></span> <span class='ocrx_word' id='word_1_284' title='bbox 892 2823 983 2873; x_wconf 79' lang='lat' dir='ltr'><strong>duobus</strong></span> <span class='ocrx_word' id='word_1_285' title='bbox 999 2827 1108 2889; x_wconf 82' lang='lat' dir='ltr'><strong>antiquis</strong></span> 
     </span>
    </p>

    <p class='ocr_par' dir='ltr' id='par_1_20' title="bbox 173 2886 1110 3205">
     <span class='ocr_line' id='line_1_37' title="bbox 173 2886 1110 2956; baseline 0.001 -18"><span class='ocrx_word' id='word_1_286' title='bbox 173 2910 179 2927; x_wconf 84' lang='lat'><strong>·</strong></span> <span class='ocrx_word' id='word_1_287' title='bbox 237 2890 314 2940; x_wconf 87' lang='lat' dir='ltr'><strong>libris:</strong></span> <span class='ocrx_word' id='word_1_288' title='bbox 332 2895 416 2956; x_wconf 88' lang='lat' dir='ltr'><strong>opinor</strong></span> <span class='ocrx_word' id='word_1_289' title='bbox 427 2908 507 2942; x_wconf 87' lang='lat' dir='ltr'><strong>tamen</strong></span> <span class='ocrx_word' id='word_1_290' title='bbox 521 2927 528 2947; x_wconf 95' lang='lat'><strong>,</strong></span> <span class='ocrx_word' id='word_1_291' title='bbox 544 2905 568 2939; x_wconf 89' lang='lat' dir='ltr'><strong>ut</strong></span> <span class='ocrx_word' id='word_1_292' title='bbox 581 2891 747 2954; x_wconf 82' lang='lat' dir='ltr'><strong>suppofititium</strong></span> <span class='ocrx_word' id='word_1_293' title='bbox 759 2889 915 2938; x_wconf 89' lang='lat' dir='ltr'><strong>inducendum</strong></span> <span class='ocrx_word' id='word_1_294' title='bbox 926 2886 980 2936; x_wconf 81' lang='lat' dir='ltr'><strong>effe.</strong></span> <span class='ocrx_word' id='word_1_295' title='bbox 998 2889 1110 2939; x_wconf 84' lang='lat' dir='ltr'><strong>additum</strong></span> 
     </span>
     <span class='ocr_line' id='line_1_38' title="bbox 239 2951 1109 3017; baseline -0.005 -16"><span class='ocrx_word' id='word_1_296' title='bbox 239 2956 303 3003; x_wconf 89' lang='lat' dir='ltr'><strong>enim</strong></span> <span class='ocrx_word' id='word_1_297' title='bbox 316 2957 404 3005; x_wconf 81' lang='lat' dir='ltr'><strong>videtur</strong></span> <span class='ocrx_word' id='word_1_298' title='bbox 417 2956 445 3003; x_wconf 85' lang='lat' dir='ltr'><strong>ad</strong></span> <span class='ocrx_word' id='word_1_299' title='bbox 457 2958 674 3016; x_wconf 78' lang='lat' dir='ltr'><strong>interpretationem</strong></span> <span class='ocrx_word' id='word_1_300' title='bbox 685 2953 872 3002; x_wconf 80' lang='lat' dir='ltr'><strong>antecedentium</strong></span> <span class='ocrx_word' id='word_1_301' title='bbox 884 2951 1025 3007; x_wconf 88' lang='lat' dir='ltr'><strong>verborum,</strong></span> <span class='ocrx_word' id='word_1_302' title='bbox 1042 2952 1109 3017; x_wconf 81' lang='lat' dir='ltr'><strong>quod</strong></span> 
     </span>
     <span class='ocr_line' id='line_1_39' title="bbox 241 3012 1109 3082; baseline -0.003 -17"><span class='ocrx_word' id='word_1_303' title='bbox 241 3030 271 3065; x_wconf 90' lang='lat' dir='ltr'><strong>eo</strong></span> <span class='ocrx_word' id='word_1_304' title='bbox 282 3021 357 3082; x_wconf 78' lang='lat' dir='ltr'><strong>magis</strong></span> <span class='ocrx_word' id='word_1_305' title='bbox 368 3019 491 3076; x_wconf 74' lang='lat' dir='ltr'><strong>existimo,</strong></span> <span class='ocrx_word' id='word_1_306' title='bbox 506 3018 560 3080; x_wconf 90' lang='lat' dir='ltr'><strong>quia</strong></span> <span class='ocrx_word' id='word_1_307' title='bbox 576 3016 706 3081; x_wconf 84' lang='lat' dir='ltr'><strong>responderi</strong></span> <span class='ocrx_word' id='word_1_308' title='bbox 715 3017 805 3064; x_wconf 75' lang='lat' dir='ltr'><strong>conflat</strong></span> <span class='ocrx_word' id='word_1_309' title='bbox 818 3014 846 3065; x_wconf 77' lang='lat' dir='ltr'><strong>ud</strong></span> <span class='ocrx_word' id='word_1_310' title='bbox 858 3015 894 3069; x_wconf 92' lang='lat' dir='ltr'><strong>id,</strong></span> <span class='ocrx_word' id='word_1_311' title='bbox 910 3013 977 3076; x_wconf 88' lang='lat' dir='ltr'><strong>quod</strong></span> <span class='ocrx_word' id='word_1_312' title='bbox 989 3012 1109 3067; x_wconf 81' lang='lat' dir='ltr'><strong>librorrr.</strong></span> 
     </span>
     <span class='ocr_line' id='line_1_40' title="bbox 239 3079 1107 3142; baseline -0.002 -15"><span class='ocrx_word' id='word_1_313' title='bbox 239 3079 328 3127; x_wconf 68' lang='lat' dir='ltr'><strong>distum</strong></span> <span class='ocrx_word' id='word_1_314' title='bbox 342 3082 374 3129; x_wconf 89' lang='lat' dir='ltr'><strong>est</strong></span> <span class='ocrx_word' id='word_1_315' title='bbox 391 3083 426 3130; x_wconf 88' lang='lat' dir='ltr'><strong>his</strong></span> <span class='ocrx_word' id='word_1_316' title='bbox 441 3083 533 3130; x_wconf 85' lang='lat' dir='ltr'><strong>verbis:</strong></span> <span class='ocrx_word' id='word_1_317' title='bbox 556 3085 592 3127; x_wconf 77' lang='lat' dir='ltr'><strong>Ex</strong></span> <span class='ocrx_word' id='word_1_318' title='bbox 607 3096 647 3142; x_wconf 84' lang='lat' dir='ltr'><strong>quo</strong></span> <span class='ocrx_word' id='word_1_319' title='bbox 664 3079 757 3139; x_wconf 76' lang='lat' dir='ltr'><strong>efficitur·</strong></span> <span class='ocrx_word' id='word_1_320' title='bbox 764 3082 910 3142; x_wconf 77' lang='lat' dir='ltr'><strong>gloriatione,</strong></span> <span class='ocrx_word' id='word_1_321' title='bbox 926 3090 950 3130; x_wconf 69' lang='lat' dir='ltr'><strong>ut</strong></span> <span class='ocrx_word' id='word_1_322' title='bbox 966 3081 999 3125; x_wconf 77' lang='lat' dir='ltr'><strong>ite</strong></span> <span class='ocrx_word' id='word_1_323' title='bbox 1014 3079 1107 3137; x_wconf 77' lang='lat' dir='ltr'><strong>diune,</strong></span> 
     </span>
     <span class='ocr_line' id='line_1_41' title="bbox 238 3139 1110 3205; baseline 0.001 -17"><span class='ocrx_word' id='word_1_324' title='bbox 238 3144 325 3203; x_wconf 68' lang='lat' dir='ltr'><strong>dignam</strong></span> <span class='ocrx_word' id='word_1_325' title='bbox 335 3144 371 3202; x_wconf 74' lang='lat' dir='ltr'><strong>effe</strong></span> <span class='ocrx_word' id='word_1_326' title='bbox 384 3147 465 3191; x_wconf 79' lang='lat' dir='ltr'><strong>beatam</strong></span> <span class='ocrx_word' id='word_1_327' title='bbox 476 3148 561 3191; x_wconf 79' lang='lat' dir='ltr'><strong>vitam:</strong></span> <span class='ocrx_word' id='word_1_328' title='bbox 579 3144 635 3205; x_wconf 79' lang='lat' dir='ltr'><strong>qued</strong></span> <span class='ocrx_word' id='word_1_329' title='bbox 651 3160 690 3187; x_wconf 84' lang='lat' dir='ltr'><strong>non</strong></span> <span class='ocrx_word' id='word_1_330' title='bbox 701 3141 759 3204; x_wconf 78' lang='lat' dir='ltr'><strong>poffir</strong></span> <span class='ocrx_word' id='word_1_331' title='bbox 777 3143 877 3202; x_wconf 74' lang='lat' dir='ltr'><strong>quidem,</strong></span> <span class='ocrx_word' id='word_1_332' title='bbox 891 3140 932 3196; x_wconf 73' lang='lat' dir='ltr'><strong>rufi</strong></span> <span class='ocrx_word' id='word_1_333' title='bbox 945 3139 1032 3198; x_wconf 74' lang='lat' dir='ltr'><strong>bonosio</strong></span> <span class='ocrx_word' id='word_1_334' title='bbox 1042 3145 1110 3198; x_wconf 75' lang='lat' dir='ltr'><strong>viu,</strong></span> 
     </span>
    </p>

    <p class='ocr_par' dir='ltr' id='par_1_21' title="bbox 190 3204 1110 3456">
     <span class='ocr_line' id='line_1_42' title="bbox 190 3204 1110 3266; baseline 0.001 -16"><span class='ocrx_word' id='word_1_335' title='bbox 190 3206 194 3211; x_wconf 80' lang='grc'><strong>’</strong></span> <span class='ocrx_word' id='word_1_336' title='bbox 237 3208 288 3264; x_wconf 79' lang='lat' dir='ltr'><strong>jure</strong></span> <span class='ocrx_word' id='word_1_337' title='bbox 304 3212 424 3266; x_wconf 77' lang='lat' dir='ltr'><strong>contingere.</strong></span> <span class='ocrx_word' id='word_1_338' title='bbox 457 3211 489 3252; x_wconf 80' lang='lat' dir='ltr'><strong>ita</strong></span> <span class='ocrx_word' id='word_1_339' title='bbox 498 3206 547 3264; x_wconf 77' lang='lat' dir='ltr'><strong>fit,</strong></span> <span class='ocrx_word' id='word_1_340' title='bbox 565 3220 589 3252; x_wconf 81' lang='lat' dir='ltr'><strong>ut</strong></span> <span class='ocrx_word' id='word_1_341' title='bbox 604 3205 685 3262; x_wconf 75' lang='lat' dir='ltr'><strong>honesto</strong></span> <span class='ocrx_word' id='word_1_342' title='bbox 704 3209 754 3251; x_wconf 84' lang='lat' dir='ltr'><strong>oiro</strong></span> <span class='ocrx_word' id='word_1_343' title='bbox 770 3206 829 3250; x_wconf 72' lang='lat' dir='ltr'><strong>beate</strong></span> <span class='ocrx_word' id='word_1_344' title='bbox 840 3205 876 3263; x_wconf 82' lang='lat' dir='ltr'><strong>fit.</strong></span> <span class='ocrx_word' id='word_1_345' title='bbox 909 3208 931 3251; x_wconf 78' lang='lat' dir='ltr'><strong>le</strong></span> <span class='ocrx_word' id='word_1_346' title='bbox 947 3204 1110 3263; x_wconf 31' lang='lat' dir='ltr'><strong>alitem-loun</strong></span> 
     </span>
     <span class='ocr_line' id='line_1_43' title="bbox 245 3265 1109 3330; baseline 0.002 -18"><span class='ocrx_word' id='word_1_347' title='bbox 245 3267 415 3317; x_wconf 63' lang='lat' dir='ltr'><strong>corrediouem</strong></span> <span class='ocrx_word' id='word_1_348' title='bbox 425 3267 514 3316; x_wconf 72' lang='lat' dir='ltr'><strong>dodills.</strong></span> <span class='ocrx_word' id='word_1_349' title='bbox 528 3269 571 3315; x_wconf 85' lang='lat' dir='ltr'><strong>viri</strong></span> <span class='ocrx_word' id='word_1_350' title='bbox 581 3267 719 3324; x_wconf 85' lang='lat' dir='ltr'><strong>confirmat,</strong></span> <span class='ocrx_word' id='word_1_351' title='bbox 736 3270 772 3318; x_wconf 83' lang='grc' dir='ltr'><strong>Μ.</strong></span> <span class='ocrx_word' id='word_1_352' title='bbox 784 3273 841 3315; x_wconf 79' lang='lat' dir='ltr'><strong>Ant.</strong></span> <span class='ocrx_word' id='word_1_353' title='bbox 855 3265 952 3321; x_wconf 81' lang='lat' dir='ltr'><strong>Mureti,</strong></span> <span class='ocrx_word' id='word_1_354' title='bbox 969 3266 1009 3329; x_wconf 84' lang='lat' dir='ltr'><strong>qui</strong></span> <span class='ocrx_word' id='word_1_355' title='bbox 1024 3266 1109 3330; x_wconf 70' lang='lat' dir='ltr'><strong>legen·</strong></span> 
     </span>
     <span class='ocr_line' id='line_1_44' title="bbox 244 3328 1108 3392; baseline -0.003 -16"><span class='ocrx_word' id='word_1_356' title='bbox 244 3328 301 3376; x_wconf 89' lang='lat' dir='ltr'><strong>dum</strong></span> <span class='ocrx_word' id='word_1_357' title='bbox 312 3343 376 3392; x_wconf 83' lang='lat' dir='ltr'><strong>purat</strong></span> <span class='ocrx_word' id='word_1_358' title='bbox 388 3346 418 3379; x_wconf 86' lang='lat' dir='ltr'><strong>ex</strong></span> <span class='ocrx_word' id='word_1_359' title='bbox 429 3331 525 3379; x_wconf 82' lang='lat' dir='ltr'><strong>Nonio:</strong></span> <span class='ocrx_word' id='word_1_360' title='bbox 542 3333 601 3377; x_wconf 76' lang='lat' dir='ltr'><strong>Illud</strong></span> <span class='ocrx_word' id='word_1_361' title='bbox 612 3348 660 3378; x_wconf 79' lang='lat' dir='ltr'><strong>vero</strong></span> <span class='ocrx_word' id='word_1_362' title='bbox 671 3328 761 3377; x_wconf 69' lang='lat' dir='ltr'><strong>minimo*</strong></span> <span class='ocrx_word' id='word_1_363' title='bbox 776 3330 924 3390; x_wconf 67' lang='lat' dir='ltr'><strong>consederint»</strong></span> <span class='ocrx_word' id='word_1_364' title='bbox 936 3358 944 3382; x_wconf 91' lang='lat'><strong>,</strong></span> <span class='ocrx_word' id='word_1_365' title='bbox 958 3330 997 3388; x_wconf 73' lang='lat' dir='ltr'><strong>sed</strong></span> <span class='ocrx_word' id='word_1_366' title='bbox 1008 3330 1108 3389; x_wconf 67' lang='lat' dir='ltr'><strong>inprimis</strong></span> 
     </span>
     <span class='ocr_line' id='line_1_45' title="bbox 243 3390 1107 3456; baseline -0.002 -17"><span class='ocrx_word' id='word_1_367' title='bbox 243 3394 300 3439; x_wconf 72' lang='lat' dir='ltr'><strong>bolos</strong></span> <span class='ocrx_word' id='word_1_368' title='bbox 311 3394 398 3441; x_wconf 79' lang='lat' dir='ltr'><strong>illorum</strong></span> <span class='ocrx_word' id='word_1_369' title='bbox 404 3395 531 3456; x_wconf 73' lang='lat' dir='ltr'><strong>gloriatione</strong></span> <span class='ocrx_word' id='word_1_370' title='bbox 541 3395 627 3454; x_wconf 74' lang='lat' dir='ltr'><strong>dignam</strong></span> <span class='ocrx_word' id='word_1_371' title='bbox 640 3394 677 3453; x_wconf 71' lang='lat' dir='ltr'><strong>effe</strong></span> <span class='ocrx_word' id='word_1_372' title='bbox 686 3395 768 3439; x_wconf 63' lang='lat' dir='ltr'><strong>benem</strong></span> <span class='ocrx_word' id='word_1_373' title='bbox 778 3397 866 3439; x_wconf 75' lang='lat' dir='ltr'><strong>vitam:</strong></span> <span class='ocrx_word' id='word_1_374' title='bbox 882 3391 987 3454; x_wconf 72' lang='lat' dir='ltr'><strong>quadrien</strong></span> <span class='ocrx_word' id='word_1_375' title='bbox 993 3390 1054 3455; x_wconf 57' lang='grc' dir='ltr'><strong>μβ</strong></span> <span class='ocrx_word' id='word_1_376' title='bbox 1059 3392 1107 3443; x_wconf 69' lang='grc' dir='ltr'><strong>ἀι,</strong></span> 
     </span>
    </p>

    <p class='ocr_par' dir='ltr' id='par_1_22' title="bbox 242 3454 1108 3575">
     <span class='ocr_line' id='line_1_46' title="bbox 242 3454 1108 3575; baseline -0.001 -69"><span class='ocrx_word' id='word_1_377' title='bbox 242 3455 268 3506; x_wconf 88' lang='lat' dir='ltr'><strong>id</strong></span> <span class='ocrx_word' id='word_1_378' title='bbox 281 3454 345 3521; x_wconf 89' lang='lat' dir='ltr'><strong>quod</strong></span> <span class='ocrx_word' id='word_1_379' title='bbox 356 3456 446 3524; x_wconf 78' lang='lat' dir='ltr'><strong>Sigouii</strong></span> <span class='ocrx_word' id='word_1_380' title='bbox 454 3469 550 3522; x_wconf 85' lang='lat' dir='ltr'><strong>quoque</strong></span> <span class='ocrx_word' id='word_1_381' title='bbox 561 3456 620 3510; x_wconf 85' lang='lat' dir='ltr'><strong>liber</strong></span> <span class='ocrx_word' id='word_1_382' title='bbox 631 3454 781 3521; x_wconf 64' lang='lat' dir='ltr'><strong>comprobati</strong></span> <span class='ocrx_word' id='word_1_383' title='bbox 796 3458 919 3517; x_wconf 58' lang='grc' dir='ltr'><strong>ωηατ.</strong></span> <span class='ocrx_word' id='word_1_384' title='bbox 1008 3498 1012 3505; x_wconf 97' lang='grc'><em>.</em></span> <span class='ocrx_word' id='word_1_385' title='bbox 1025 3526 1051 3575; x_wconf 53' lang='lat'><strong>55</strong></span> <span class='ocrx_word' id='word_1_386' title='bbox 1078 3516 1108 3567; x_wconf 40' lang='lat' dir='ltr'><strong>s·</strong></span> 
     </span>
    </p>

    <p class='ocr_par' dir='ltr' id='par_1_23' title="bbox 1054 3532 1108 3567">
     <span class='ocr_line' id='line_1_47' title="bbox 1054 3532 1108 3567; baseline 0 0"><span class='ocrx_word' id='word_1_387' title='bbox 1054 3548 1061 3564; x_wconf 87' lang='lat'><strong>·</strong></span> <span class='ocrx_word' id='word_1_388' title='bbox 1096 3532 1108 3567; x_wconf 75' lang='grc' dir='ltr'><strong><em>ι</em></strong></span> 
     </span>
    </p>
   </div>
   <div class='ocr_carea' id='block_1_7' title="bbox 0 0 1164 3914">
    <p class='ocr_par' dir='ltr' id='par_1_24' title="bbox 0 0 1164 3914">
     <span class='ocr_line' id='line_1_48' title="bbox 0 0 1164 3914; baseline 0 3"><span class='ocrx_word' id='word_1_389' title='bbox 0 0 1164 3914; x_wconf 95' lang='lat' dir='ltr'><strong> </strong></span> 
     </span>
    </p>
   </div>
  </div>
 </body>
</html>
