2318 3914
211 156 290 243 2458
417 155 479 222 Dn
500 155 777 229 Fru.Bon.1r
799 149 920 217 Man

213 268 290 336 cha,
308 264 411 342 ⁶9qui,
431 266 509 343 quiid
523 284 586 325 eam
601 265 750 334 custodiat,
769 266 934 341 pinnoteres
954 266 1088 328 vocatur}

59 350 177 418 daereplt
213 341 243 401 in
265 360 326 403 eam
347 361 383 401 ue
405 341 476 407 cum,
489 342 516 400 se
537 340 676 418 drecipit,
701 340 871 406 includitur;
906 342 942 419 ut
965 335 1089 397 viderur

61 417 113 466 ‘¹1⁸'-
214 420 313 480 monui
335 437 368 487 e,
388 431 419 477 ut
435 431 567 477 caveret:
585 421 711 497 itemque
725 417 874 483 sormicae,
904 426 999 490 apes.
1021 415 1090 473 cico-

214 495 269 554 niae
279 541 287 568 ,
297 497 414 555 aliorum
430 508 513 556 etiam
528 493 605 553 causa
617 494 747 572 quaedam
762 493 875 551 faciunt.
893 489 993 548 multo
1008 490 1089 564 magn

213 572 276 633 haec
290 571 452 648 conjunctio
466 572 503 630 est
516 571 647 631 hominis.
684 571 777 646 itaque
796 564 894 628 naturl
914 566 1017 627 sumus
1036 566 1086 642 apti

212 645 247 709 ad
262 664 368 718 coetus,
387 648 520 718 concilia,
540 648 673 708 ciuitates.
765 648 768 655 '
899 672 902 677 ·

165 715 202 789 ⁶4
246 726 390 785 Mundum
404 737 499 783 autem
514 724 624 783 censent
637 725 696 799 regi
709 722 825 782 numine
839 719 965 780 deorum
981 761 992 790 ,
1012 734 1086 780 eum·

211 820 267 880 que
282 801 336 861 elle
376 801 430 859 uafi
451 818 634 860 communem
655 801 751 858 urbem
772 800 801 856 δι
823 798 973 857 civitatem
995 795 1084 883 homi·

211 897 281 938 num
315 880 345 936 &
384 895 506 936 eorumt
553 880 838 953 &unumquemque
864 873 1000 955 nostrum
1033 888 1085 948 epu

60 958 169 1024 ceonre-
212 955 310 1015 mundi
324 952 377 1012 else
390 966 515 1030 partem,
535 972 570 1013 ex
587 972 645 1030 quo
661 953 727 1012 illud
740 964 838 1011 natura
859 949 1038 1028 econsequi,
1049 959 1082 1036 'nt

49 1038 197 1100 ‘quianam
210 1042 394 1091 communem
416 1030 561 1089 utilitatem
584 1029 684 1088 nostrae
704 1041 918 1104 anteponamus.
958 1039 1099 1086 utemur.

209 1108 283 1183 lege's
305 1108 435 1167 omnium
455 1106 569 1165 salutem
602 1106 771 1181 singulorum
790 1104 868 1163 saluti
888 1114 958 1163 ante
979 1113 1080 1162 onunt:

209 1183 247 1244 sic
262 1183 421 1252 virbonus,
442 1182 594 1264 &sapiens
609 1225 618 1252 ‚
639 1186 669 1240 &
686 1183 932 1261 legibus-parens,
1002 1177 1082 1237 civilis

211 1261 297 1319 officii
310 1279 369 1318 non
381 1261 512 1335 ignarus,
532 1259 641 1318 utilitati
661 1259 791 1319 omnium
810 1258 871 1333 plus
890 1257 984 1332 quam
1003 1259 1079 1315 unius

211 1337 323 1411 alicujus
349 1350 395 1394 aut
416 1335 472 1396 suae
488 1336 610 1394 consulit.
652 1337 714 1395 Nec
730 1334 816 1409 magis
829 1331 1033 1409 vituperandus
1045 1332 1080 1395 est

211 1414 336 1488 proditor
350 1413 444 1488 patriae
473 1412 558 1488 qu‘am
585 1411 743 1471 communis
765 1409 885 1469 utilitatis
919 1424 970 1471 aut
996 1409 1080 1471 salutis

211 1488 347 1558 desertor,
368 1500 478 1565 propter
504 1489 579 1546 suam
599 1489 744 1548 utilitatem
770 1499 817 1546 aut
829 1486 956 1551 salutem.
976 1504 1012 1547 ex
1024 1503 1079 1565 quo

163 1609 165 1621 .
210 1566 257 1634 fit,
279 1564 565 1632 utlaudandusfitls,
584 1565 634 1640 qui
652 1578 773 1624 mortem
794 1576 910 1639 oppetat
1002 1578 1015 1622 r
1049 1578 1080 1619 u·

210 1644 297 1710 blica,
317 1640 394 1716 quod
408 1639 525 1709 doceat,
546 1642 679 1698 cariorem
694 1639 747 1699 else
760 1641 876 1716 patriam
892 1580 982 1705 nodis³
994 1658 1031 1717 qu
1048 1656 1076 1697 m

210 1717 400 1791 nosmetipsos.
418 1718 607 1792 quoniamque
621 1717 664 1776 illa
685 1736 743 1776 vox
761 1718 915 1776 inhumana
939 1718 971 1775 δε
996 1717 1080 1776 scele-

210 1807 267 1853 rata
288 1793 395 1854 ducitur
421 1808 536 1860 eorum,
556 1795 604 1869 qui
619 1805 720 1869 negant
741 1792 767 1851 le
787 1790 928 1861 recusare,
946 1810 1006 1880 quo
1019 1793 1077 1850 mi·

211 1869 269 1927 nias*
289 1869 348 1944 ipsis
372 1871 486 1928 mortuis
519 1882 652 1928 terrarum
683 1871 811 1928 omnium
835 1868 989 1945 deflagratio
1003 1886 1076 1928 con·

210 1948 351 2022 sequatur:
372 1946 450 2022 quod
462 1946 565 2021 vulgari
578 1946 701 2022 quodam
715 1947 793 2005 versu
801 1946 906 2004 Graeco
918 1946 1080 2020 pronuntia·

211 2025 234 2082 ri
249 2023 325 2081 solet.
360 2022 434 2080 cette
448 2022 545 2080 veriam
562 2023 614 2092 est,
635 2023 782 2092 miamin,
801 2023 850 2098 qui
863 2021 1014 2100 aliquando
1035 2021 1079 2081 su·

211 2101 264 2158 turi
279 2099 346 2165 sint,
366 2097 419 2156 else
433 2112 543 2173 propter
557 2099 626 2173 ipsos
642 2099 851 2161 consulendum.
1031 2168 1035 2179 Ι

80 2206 99 2252 2
118 2207 181 2255 clv,
250 2176 311 2234 XX.
330 2175 380 2232 Ex
401 2193 473 2232 uic
488 2176 645 2234 animorum
660 2175 807 2234 affectione
822 2174 990 2237 testamenta
1003 2193 1077 2236 com·

98 2241 105 2255 ⁸
163 2270 198 2344 ⁶5
208 2252 454 2326 mendationesque
470 2248 648 2310 morientium
664 2265 736 2310 natae
749 2252 818 2311 sunt.
843 2255 984 2330 quodque
997 2271 1079 2313 nemo

206 2331 236 2389 in
249 2326 394 2389 solitudine
408 2329 492 2384 vitam
510 2344 589 2401 agere
604 2330 687 2393 velit,
707 2348 742 2386 ne
759 2346 823 2386 cum
843 2327 955 2388 infinito
967 2330 1078 2407 quidem

207 2406 382 2480 voluptatum
397 2403 560 2465 abundantia
574 2426 583 2469 ;
604 2405 682 2461 facile
693 2404 872 2479 intelligitur,
893 2423 948 2464 nos
963 2407 999 2466 ad
1014 2424 1078 2465 con·

205 2481 381 2559 jundionem
415 2480 717 2555 congregationemque
738 2483 888 2539 hominum
932 2482 966 2541 &
986 2482 1079 2543 adna-

172 2568 178 2581 “
209 2558 326 2618 turalem
340 2557 572 2614 communitatem
587 2553 640 2614 else
662 2570 750 2617 natos.
788 2557 966 2631 Impellimur
987 2569 1076 2620 autem

207 2631 319 2700 staturi,
339 2646 370 2689 ut
384 2629 508 2706 prodesse
521 2633 637 2691 velimus
652 2633 858 2708 quamplurimis
868 2634 914 2703 ,in
929 2637 1078 2714 primisque

205 2710 336 2769 docendo
368 2707 578 2785 rationibusque.
597 2710 750 2786 prudentiae
770 2710 916 2769 tradendis.
986 2713 1079 2791 ltaque

208 2805 267 2846 nou
281 2783 360 2845 facile
375 2786 412 2844 est
426 2786 567 2855 invenire,
586 2787 634 2867 qui
648 2787 726 2864 quod
740 2786 804 2847 sciat
816 2785 872 2863 ipse
888 2828 898 2856 ,
916 2805 982 2848 non
996 2789 1076 2850 tradat

959 2942 963 2949 .
1043 2864 1077 2925 ²¹⁸

240 3067 277 3114 69.
295 3060 345 3125 Qr'
351 3061 419 3122 ,quod
428 3074 475 3105 eam
484 3058 598 3115 custodiat,
608 3060 727 3104 Pinnetem
737 3062 845 3116 aarum
860 3054 1074 3108 Aristoteleslhv.

209 3124 256 3181 arpi
275 3124 333 3170 zalal
348 3123 449 3182 ‘scopiac‘
467 3124 506 3170 ‘Ar
525 3121 548 3170 dd
573 3121 644 3167 πίνναι
657 3120 724 3179 ὶρθαὶ
741 3121 835 3177 φύονται
855 3120 883 3169 ἧι
904 3123 937 3168 ‘tir‘
955 3122 1034 3179 βόσὰ
1054 3122 1074 3171 ἰν

210 3182 260 3236 τοῖς
275 3183 412 3242 ἀμμώδεσι,
427 3185 465 3234 ιιι)
481 3185 645 3244 stopllopdstrtr·
676 3183 748 3244 lxxae
763 3184 787 3230 o'i
805 3184 961 3237 aestuarium
974 3217 983 3241 ,
998 3185 1024 3232 ἐι
1036 3185 1076 3244 μὶν

210 3247 320 3304 sapidior,
346 3246 370 3293 ιὶι
386 3248 409 3293 si
427 3247 545 3306 καρκίνιον,
561 3240 583 3292 οὗ
601 3247 773 3308 ςερισιιὸμινναει,ι
793 3245 963 3304 translapsum
980 3248 1076 3297 niven

212 3308 243 3355 ad
257 3323 307 3370 quae
323 3307 392 3355 verba
405 3307 502 3370 respexit
515 3309 602 3357 llinius
613 3306 653 3358 lib.
666 3322 702 3356 tx.
719 3322 769 3371 cap.
781 3324 818 3364 45.
835 3321 891 3355 eum
902 3306 1002 3358 scribit:
1029 3315 1076 3357 cra·

209 3373 384 3433 charumgemris
394 3371 420 3422 dr
433 3376 500 3434 pinna
510 3372 546 3433 oss.
578 3372 680 3432 Nascitur
696 3375 719 3419 in
734 3370 811 3433 limofis
820 3370 917 3433 subjrssa
928 3372 1033 3436 semper,
1045 3386 1076 3417 m

209 3452 312 3499 umquam
325 3434 370 3493 fine
385 3438 476 3490 connire,
491 3452 552 3498 quem
565 3440 699 3483 Pinnrteraem
715 3449 805 3492 uocant,
819 3437 864 3483 atti
882 3438 1076 3499 Pinnoplrylarra:

204 3501 227 3550 is
243 3500 274 3565 est
282 3500 372 3570 squilla
380 3508 470 3566 parur,
487 3500 541 3551 alili
557 3517 627 3551 cantu
644 3498 705 3563 dapis
720 3497 835 3560 affulserat.
862 3495 943 3551 lltfiu.

982 3573 1029 3616 no.
1038 3566 1084 3606 t-
