2318 3914
249 90 748 206 LiarnPnrrtus.'
858 140 942 223 23⁶9

65 248 290 328 multoque-hoc
314 252 410 312 melius
423 270 475 311 nos
500 253 591 311 verius
612 270 646 311 ue
673 249 760 327 quim
775 249 868 312 Stoici.
894 254 937 313 llli

67 329 147 384 enim
162 340 262 402 negant
275 331 381 388 bonum
397 329 549 406 quidquam
572 271 625 389 ede
642 371 650 397 ‚
670 327 720 387 nifi
739 328 831 387 nescio
850 347 936 405 quant

67 397 144 460 illim
158 406 300 472 umbram,
320 404 397 480 quod
413 406 548 479 appellant
560 404 725 471 honestum,
745 421 804 462 non
822 417 879 463 tam
892 406 937 465 so·

70 476 130 536 lido
149 479 232 555 quim
247 481 388 556 splendido
404 482 542 539 nomine:
562 482 694 538 virtutem
708 492 820 549 autern,
841 484 937 559 ninam

71 552 128 611 hoc
143 556 277 625 honesto,
297 557 400 621 nullam
416 559 552 631 requirere
576 556 773 630 voluptatem,
801 569 883 632 atque
902 557 939 617 ad

71 627 150 687 beate
167 633 319 691 vivendum
335 633 412 706 seipsa
428 631 481 690 elie
494 644 665 691 contentam.

36 742 47 752 --
107 706 277 765 XIX-Sur>
301 704 473 767 possunt
494 710 555 767 haec
585 708 704 784 quadam
731 709 836 766 ratione
858 709 912 768 dici
927 715 980 780 ,62

70 798 130 839 non
145 781 234 841 modo
249 803 308 844 non
324 778 546 859 repugnantibus,
567 783 663 842 verum
679 784 763 841 etiam
784 786 935 859 approban-

69 856 140 914 tibus
155 859 243 916 nobis.
281 860 317 918 fic
333 861 407 919 enim
421 863 453 918 ab
469 862 589 936 Epicuro
608 860 711 934 sapiens
726 859 842 938 ¹semper
872 861 936 920 bea-

68 942 113 1009 tus
135 933 282 994 inducitur.
319 935 406 995 finitas
427 938 508 1013 lrabet
526 935 709 1011 cupiditates;
729 937 841 1010 negligit
860 955 938 996 mor·
1038 940 1042 949 '

68 1008 936 1081 mmmfflmwfflmmfflmfflmmmm
1025 1043 1028 1053 ·

69 1101 130 1141 non
145 1086 266 1155 dubitat,
285 1087 304 1146 st
319 1090 355 1146 ita
370 1086 469 1147 melius'
481 1088 530 1156 fit,
550 1089 665 1162 migrare
681 1088 716 1146 de
732 1088 795 1145 vita.
833 1089 873 1147 his
893 1107 938 1148 re·

69 1157 120 1217 bus
142 1162 282 1222 instructus
302 1163 416 1242 semper·
431 1164 468 1222 est
496 1167 524 1223 in
552 1165 702 1238 uoluptate.
740 1181 831 1239 neque
859 1167 936 1225 enim

67 1246 178 1311 tempus
199 1238 236 1296 est
258 1239 368 1310 ullum,
408 1259 466 1318 quo
485 1259 544 1298 non
565 1239 624 1314 plus
643 1241 740 1299 habeat
760 1241 935 1315 voluptatum

66 1311 155 1386 quim
170 1313 308 1375 dolorum.
346 1335 412 1374 nam
437 1319 466 1375 &
485 1316 620 1391 praeterita
643 1315 717 1390 gratie
735 1317 885 1386 meminit,
904 1320 936 1377 dc

64 1389 241 1463 praesentibus
261 1386 298 1451 it¹a
320 1395 447 1466 potitur,
473 1405 504 1450 ut
525 1389 743 1462 animadvertat,
762 1405 863 1468 quanta
883 1393 936 1454 lint

66 1481 101 1521 ca
127 1482 268 1541 quamque
291 1469 438 1545 jucunda:
465 1486 556 1544 neque
576 1468 679 1543 pendet
698 1486 732 1525 ex
749 1468 869 1538 suturis,
888 1470 935 1530 sed

69 1539 206 1616 exspedat
218 1545 279 1613 illa,
300 1546 397 1603 fruitur
409 1544 598 1620 praesentibus:
620 1545 653 1602 ab
665 1545 751 1619 iisque
765 1545 851 1613 vitiis,
870 1564 935 1620 quae

66 1618 161 1690 paullo
181 1618 245 1677 anti
266 1620 388 1696 collegi,
408 1622 479 1679 abeli
502 1619 675 1696 plurimum:
696 1623 743 1688 &‚
761 1619 826 1679 clim
841 1621 936 1679 stulto·
1009 1680 1011 1685 ,

67 1708 132 1750 rum
148 1695 231 1753 vitam
246 1712 310 1754 cum
325 1699 370 1755 sua
380 1710 522 1771 comparat
537 1739 546 1762 ,
566 1712 665 1771 magna
681 1696 795 1754 afficitur
810 1697 937 1773 volupta-

67 1779 106 1826 te.
145 1769 253 1831 dolores
274 1786 394 1843 autem,
421 1774 502 1906 siqui
515 1775 656 1830 incurrunt
672 1814 681 1838 ‚
700 1789 854 1848 numquam
877 1776 936 1833 vim

29 1862 36 1871 ·
68 1855 176 1902 tantam
192 1848 313 1916 habent,
331 1862 362 1907 ut
377 1868 434 1909 non
448 1866 506 1923 pus
520 1849 617 1907 habeat
633 1848 734 1922 sapiens
751 1890 760 1917 ,
779 1849 856 1925 quod
869 1867 936 1925 gau·

69 1919 151 1989 deat,
171 1921 257 1997 quam
272 1924 349 1998 quod
363 1938 486 2000 angatur.

106 1997 224 2070 Optime
237 1999 305 2057 uero
327 2001 476 2075 Epicurus,
495 1997 574 2076 quod
594 1999 722 2073 exiguam
737 2000 824 2060 ¹dicit
848 2001 977 2084 sonu-63
1036 2028 1045 2039 ·

63 2073 135 2130 iram
151 2074 317 2133 intervenire
331 2076 465 2150 sapientia
486 2079 673 2151 maximasque
694 2077 727 2133 ab
748 2095 784 2135 eo
817 2079 846 2136 δε
875 2095 957 2152 gra-rr
973 2085 1035 2137 ducit
1076 2112 1079 2117 -

67 2149 189 2207 viffimas
210 2168 251 2209 res
271 2151 385 2210 consilio
405 2151 484 2228 ipsius
523 2154 554 2211 dc
583 2154 689 2209 ratione
714 2153 911 2212 radministrari
927 2148 990 2215 :⁴¹¹2
1073 2222 1076 2227 ,

66 2242 161 2300 neque
176 2228 311 2302 majorem
328 2229 497 2304 voluptatem
520 2247 555 2286 ex
577 2226 684 2285 infinito
699 2241 827 2304 tempore
847 2230 933 2290 aeratis
956 2244 1078 2305 P.1.xrr.‚

67 2302 172 2375 percipi
187 2303 279 2375 polle,
299 2303 383 2380 quim
399 2322 433 2362 ex
447 2306 502 2362 hoc
516 2304 953 2381 percipiatur‚quodvideamus‘t
970 2310 1069 2361 ammio.

68 2374 123 2434 effe
142 2376 260 2438 finitum.
298 2380 331 2438 ln
352 2380 491 2440 dialedica
512 2393 605 2439 autem
635 2379 721 2439 vestra
749 2383 852 2441 nullam
874 2385 932 2445 vim
941 2368 1016 2439 Mt„

67 2453 300 2513 existimavit-elle
315 2473 367 2514 nec
383 2456 417 2518 ad
431 2455 526 2514 melitis
542 2457 692 2514 vivendum
708 2499 717 2525 ,
736 2475 788 2515 nec
805 2459 840 2517 ad
853 2476 934 2520 com·

67 2528 180 2588 modiin
202 2529 396 2595 differendum·
438 2531 509 2591 ⁷⁸ln
528 2531 644 2609 physicis
663 2532 811 2608 plurimum
834 2536 932 2671 posqp't.

377 2630 380 2635 ·
918 2630 933 2672 a

100 2777 139 2825 78.
154 2776 180 2818 In
187 2773 274 2834 physicis
282 2777 368 2840 quidam
378 2791 425 2822 cum
432 2775 551 2837 plurimam
557 2771 649 2837 posiliit]
664 2777 750 2823 Verum
761 2770 806 2822 tss'e
817 2785 888 2837 puto,
904 2780 928 2824 sn
954 2830 957 2835 ¹

63 2834 329 2900 thystrisquiaemqaam
342 2841 461 2902 plurimum
473 2839 540 2900 posui.
575 2841 640 2884 Nam
655 2837 685 2884 de
699 2835 813 2899 physicis,
840 2836 926 2895 idest,
986 2870 991 2875 -

66 2911 145 2947 terum
161 2898 233 2946 causis
249 2902 274 2959 δι
290 2902 376 2950 naturis
391 2901 530 2964 explicatis,
545 2898 666 2948 ostendere
676 2900 751 2946 voluit
769 2901 877 2960 Epicurus
888 2914 925 2959 ea,

67 2972 119 3019 quae
135 2959 183 3008 lroc
197 2962 269 3010 eriam
286 2964 342 3012 loco
357 2961 450 3026 copiose
465 2975 648 3011 memorantur:
673 2961 752 3022 itaque
768 2962 836 3009 illum
852 2962 878 3009 in
889 2962 926 3010 his
977 2983 981 2991 ·

66 3021 194 3083 plurimum
204 3039 279 3087 operte
290 3025 387 3089 posuisse
398 3027 437 3074 ait.
455 3033 534 3072 tamer.
567 3032 593 3070 ln
604 3024 692 3102 phyfiris
704 3026 822 3082 plurimum
838 3027 926 3086 pisum]
951 3069 952 3073 ,

67 3083 239 3143 ueprasenravt
250 3087 384 3151 scripturam
397 3088 493 3137 Palatini
504 3087 590 3149 primi,
606 3103 620 3134 a
631 3100 680 3148 quo
691 3100 740 3133 non
752 3084 839 3134 recellit
850 3085 925 3136 editio

68 3146 179 3202 Victorii,
196 3148 238 3198 nifi
249 3142 314 3212 quod
324 3150 476 3209 interjecerit,
492 3156 518 3196 In
524 3149 612 3212 ptystcts
622 3150 708 3208 quidem
719 3151 838 3211 plurimum
846 3151 925 3211 posuit.

68 3220 93 3255 at
104 3210 190 3264 priora
204 3226 232 3261 ea
248 3215 273 3263 δι
285 3213 440 3277 posteriores:
455 3220 482 3260 tn
496 3212 585 3274 phyficis
595 3212 682 3274 quidem
692 3228 740 3259 cum
750 3215 871 3272 plurimum
880 3215 927 3274 nos-

64 3271 109 3329 fiat
120 3272 164 3322 sar.
171 3273 237 3335 quod
245 3278 271 3325 dt
283 3277 376 3325 retinuit
387 3272 573 3331 Lambinur,sed
584 3272 691 3337 expreslit
702 3277 727 3325 δι
739 3275 928 3324 atteramlettro·

67 3347 141 3388 uem,
155 3348 238 3386 contra
251 3338 436 3402 manuscriptos,
453 3339 507 3387 licet
518 3349 596 3400 neget.
625 3337 691 3385 ldem
702 3352 797 3411 quoque
807 3336 930 3389 licentiose
983 3388 985 3393 ,

66 3396 160 3455 traiecit
175 3396 252 3460 plnres
265 3406 352 3458 voces'r
377 3404 401 3451 δι
418 3414 537 3465 perperam
548 3414 578 3448 ex
592 3412 662 3446 aurem
676 3398 732 3454 fecit
748 3404 803 3448 mim
815 3417 823 3446 .·
845 3402 929 3449 omnia

66 3472 153 3512 contra
162 3460 280 3517 talamos
289 3464 381 3517 nostros
391 3466 529 3528 editosquea
546 3463 571 3511 δι
582 3477 632 3510 non
642 3458 776 3515 necessario.
790 3467 856 3519 Nam
866 3468 929 3511 Tor-

367 3546 370 3555 ·
480 3529 563 3587 Mmm
576 3541 719 3586 martarus
874 3537 934 3590 quas
