2318 3914
13 2322 78 2372 'rr

73 2378 102 2391 ,,

206 70 323 216 Ιἰ386
440 104 948 210 Dtnrn,uon‚errr.'
1043 82 1046 87 ¹

194 253 228 313 37
279 236 374 308 Quam
389 233 471 308 igitur
484 231 846 309 pronuntiauesententiatn
861 235 930 290 ratio
947 230 960 290 ?
980 231 1111 292 Adhibite

240 308 361 385 primum
397 310 552 369 divinarum
585 309 825 385 humanarumque
864 327 954 367 rerum
998 308 1111 368 scientia
1150 354 1153 361 .

239 404 304 463 quae
318 386 406 462 potest
420 387 546 461 appellari
560 383 609 443 n'te
625 385 767 459 sapientia:
788 385 888 443 deinde
904 385 1038 460 adjuneiis
1056 388 1112 444 vir-

190 486 194 493 ·
239 462 342 521 tutibus
358 505 366 527 ‚
385 481 452 539 quas
465 465 534 521 ratio
549 480 640 520 rerum
655 463 784 519 omniurn
800 462 948 529 dominas,
971 474 1037 520 50tu
1058 480 1111 521 vo·

16 588 19 595 .
91 535 205 587 vitatum
240 538 377 613 luptatum
397 539 520 598 satellites
544 541 574 597 ὃ(
593 537 724 596 ministras
745 534 799 595 esse
819 539 947 596 voluisti:
969 551 1112 614 vquarum

91 603 168 650 Lame.
241 614 312 672 adeo
327 617 456 675 omnium
471 616 603 674 sententia
617 612 834 688 pronuntiabit,
860 615 980 690 primum
1001 615 1037 673 de
1057 634 1112 674 vo·

92 740 95 745 ,
111 759 114 768 ¹
241 691 363 766 luptate,
382 693 449 751 nihil
463 689 517 750 effe
531 694 556 750 ei
570 692 643 759 loci,
663 707 722 748 non
736 689 824 748 modo
838 705 869 748 ut
883 691 938 748 sola
952 704 1073 766 ponatur
1081 692 1111 751 in

90 772 107 805 ¹
122 755 189 833 5⁰⁰⁶
243 766 342 826 summi
357 768 424 827 boni
438 767 518 837 sede,
537 781 647 844 ’squam
668 768 837 842 quaerimus,
857 768 902 825 sed
924 786 960 825 ne
981 763 1029 824 ib
1050 770 1114 844 qui-

90 836 145 882 ‘⁰'⁸)·
156 818 232 868 rama.
243 843 308 902 dem
322 844 428 913 modo,
448 857 478 902 ut
493 845 527 904 ad
540 845 711 903 honestatem
725 844 882 919 applicetur.
915 843 949 902 de
972 845 1112 903 vacuitate

243 920 346 978 doloris
361 921 459 978 eadem
473 921 605 979 sententia
620 920 665 978 est.
783 970 785 976 .
876 925 879 937 ‘

198 995 233 1073 38
282 996 453 1071 ruejicietur
474 999 559 1055 etiam
581 996 744 1055 Carneades.
781 1013 834 1054 nec
854 996 917 1054 ²illa
939 995 974 1054 de
996 995 1107 1055 summo

93 1091 109 1139 y
125 1073 216 1124 reicitur
244 1074 321 1132 bono
336 1074 404 1131 ratio
418 1084 467 1131 aut
478 1073 640 1150 voluptatis,
660 1074 719 1131 iron
734 1071 881 1131 dolendive
896 1075 1046 1149 particeps,
1066 1084 1113 1130 aut

92 1140 146 1215 Ψ·
244 1147 391 1208 honestatis
413 1166 508 1225 expers
520 1193 531 1233 7
559 1151 722 1225 probabitur.
760 1150 797 1208 ita
815 1149 951 1226 relinquet
972 1149 1056 1218 duas,
1078 1150 1112 1208 de

93 1217 109 1250 ²
124 1200 233 1251 unm·
242 1226 340 1302 quibus
354 1227 437 1284 etiam
450 1238 534 1303 atque
547 1228 631 1285 etiam
644 1224 805 1284 confideret.
843 1239 890 1283 aut
905 1227 980 1284 enim
994 1225 1113 1294 statuet',

242 1301 310 1361 nihil
325 1299 378 1360 elle
398 1304 505 1361 bonum
522 1332 539 1371 ‚.
558 1301 607 1361 nisr
627 1301 790 1361 honestum:
830 1301 897 1360 nihil
911 1303 1041 1370 malum,
1062 1301 1111 1360 nisi

127 1392 131 1400 “
154 1396 157 1403 ’
243 1390 455 1453 turpetcetera-
469 1391 515 1437 aut
536 1380 655 1437 omnino
677 1377 744 1436 nihil
764 1377 864 1436 habere
886 1379 1043 1446 momenti,
1064 1390 1112 1437 ant

148 1523 176 1536 ..
244 1466 370 1524 tantum,
390 1468 420 1513 ut
434 1473 486 1513 nec
500 1455 670 1529 expetenda,
690 1472 742 1512 nec
763 1454 909 1529 fugienda,
927 1454 973 1512 sed
987 1454 1113 1530 eligenda

92 1522 239 1574 ¹¹⁸¹⁶¹⁶¹¹d²
247 1531 336 1590 modi)
365 1544 411 1589 aut
432 1532 600 1606 ²rejicienda
613 1531 679 1590 srnt:
700 1542 747 1589 aut
760 1544 911 1605 anteponet
924 1548 1006 1602 eam,
1024 1548 1112 1607 quam

93 1590 148 1638 MS·
244 1607 310 1667 cirm
324 1606 465 1667 honestate
476 1607 693 1677 ornatissimam,
712 1619 772 1665 tum
788 1609 871 1664 etiam
886 1604 946 1681 ipsrs
960 1608 1042 1666 initiis
1061 1625 1113 1667 na·

244 1696 314 1742 turae
341 1686 371 1742 &
392 1686 474 1742 totius
495 1684 666 1758 perfessione
694 1685 760 1742 vitae
778 1683 974 1757 locupletatam
998 1683 1112 1743 videbit.

212 1784 215 1789 ·
244 1759 322 1836 quod
349 1778 385 1818 eo
411 1759 537 1836 liquidius
558 1762 656 1829 saciet,
677 1759 696 1817 sr
717 1759 903 1835 perspexerit,
922 1777 1016 1819 rerum
1041 1761 1111 1819 inter

142 1852 145 1859 ’
245 1853 290 1895 eas
315 1837 502 1895 verborumne
525 1835 557 1895 fit
570 1836 764 1895 controversia.
932 1892 935 1897 ,
1155 1852 1157 1857 ·

199 1921 236 1978 39
283 1913 360 1972 Xlll.
380 1915 508 1983 l-luJus
530 1931 584 1988 ego
599 1931 674 1972 nunc
688 1912 879 1971 auctoritatem
894 1911 1010 1989 sequens
1033 1912 1108 1973 idern

244 1991 354 2049 sariam.
373 1989 506 2066 quantum
529 1992 604 2048 enim
633 2003 732 2064 potero
752 1990 876 2047 minuam
898 1991 1109 2049 contentiones:

234 2084 400 2142 omnesque
415 2065 548 2141 simplices
568 2065 712 2125 sententias
735 2083 857 2134 eorum,
878 2067 1018 2141 inquibus
1038 2067 1112 2126 nulla

92 2139 118 2187 P·
128 2136 234 2188 mm
245 2143 313 2202 inest
327 2144 432 2201 virtutis
445 2142 604 2217 adjunuio,
624 2143 743 2201 ontnino
752 2142 773 2205 a
781 2141 951 2217 philosophia
965 2143 1113 2202 semoven·
1155 2156 1157 2161 '

229 2220 292 2279 ›das
325 2218 459 2293 putabo:
517 2218 637 2293 primum
671 2219 815 2293 Aristippi·
834 2218 1112 2295 Cyrenaicorumque

242 2295 373 2354 omnium
381 2317 390 2361 ;
411 2312 482 2370 quos
495 2313 553 2352 non
569 2295 605 2352 est
619 2296 753 2362 veritum,
774 2296 802 2352 in
818 2313 849 2353 ea
863 2296 1025 2370 voluptate,
1046 2313 1114 2372 quae

150 2445 152 2448 p
241 2373 366 2431 maxima
379 2371 524 2429 dulcedine
538 2371 642 2431 sensum
666 2383 820 2441 moveret,
840 2371 979 2431 summurn
1000 2372 1112 2431 bonum

182 2508 185 2515 ,
234 2464 373 2524 ponere,
407 2459 618 2507 contemnentes
639 2447 715 2506 istam
738 2449 904 2506 vacuitatem
932 2447 1045 2507 doloris.
1083 2451 1111 2509 hi

241 2542 304 2585 non
324 2523 475 2594 viderunt,
499 2526 547 2582 'ur
569 2525 603 2583 ad
625 2523 731 2582 cursum
760 2542 888 2599 equum,
921 2524 955 2583 ad
977 2526 1111 2585 arandum

240 2599 364 2669 bovem,
384 2601 418 2659 ad
441 2600 626 2675 indagandum
654 2601 981 2669 canem,s1chominem
997 2601 1112 2663 adduas

192 2676 232 2748 '40
240 2674 283 2743 res
297 2719 305 2746 ,
326 2691 356 2735 ut
368 2676 405 2735 ait
421 2677 576 2736 Arilloteles
592 2721 599 2747 ,
620 2677 827 2753 intelligendum
851 2679 880 2735 δε
903 2677 1042 2753 agendum
1058 2678 1110 2739 esse

241 2765 337 2814 natum
361 2797 369 2821 ,
404 2753 477 2829 quasi
511 2755 658 2812 mortalem
678 2753 786 2812 deum:
807 2770 984 2830 contraque,
1011 2769 1044 2814 ut
1060 2769 1111 2815 tar·

239 2831 304 2890 darn
320 2831 438 2906 aliquam
459 2833 488 2889 &
504 2830 660 2905 languidam
681 2830 835 2905 pecudem,
851 2832 886 2890 ad
912 2831 1017 2905 pastum
1033 2835 1065 2893 dc
1076 2832 1130 2893 ad.

239 2906 403 2983 procreandi
421 2909 618 2981 voluptatem,
639 2918 662 2959 5¹
674 2909 730 2964 hoc
752 2908 877 2965 divinum
901 2909 1002 2967 animal
1018 2924 1113 2972 ortum

242 2981 296 3042 esse
312 2985 468 3045 voluerunt.
500 3000 558 3060 quo
572 2984 640 3044 nihil
654 2985 722 3043 mihi
738 2983 845 3043 videtur
859 2985 1003 3045 absurdius.

1061 3065 1116 3124 At·

276 3302 313 3342 ςο.
331 3290 365 3333 Tu
375 3289 510 3349 voluptatum
516 3290 619 3348 fictarum
630 3292 656 3342 dy
668 3290 820 3351 ministrarmse
832 3288 942 3348 voluisti]
957 3291 1062 3341 Notavit
1072 3304 1115 3356 pa·

243 3360 279 3398 ter
290 3350 352 3410 (MS.
361 3352 484 3411 miraferas,
502 3356 587 3410 Forte,
601 3354 718 3412 armiferas
729 3354 765 3400 vel
778 3354 914 3414 armigeras).
932 3358 1044 3405 Gronov.

276 3427 315 3486 513
331 3419 373 3460 Hoc
383 3416 485 3461 divinum
496 3420 600 3474 animas]
631 3416 701 3464 Deest
712 3419 736 3464 in
747 3418 845 3479 antiquo
857 3417 969 3479 particula
981 3451 989 3474 ,
1003 3419 1049 3476 fic,
1061 3431 1116 3530 :qiua

241 3489 353 3541 reperitur
365 3478 391 3529 iu
403 3476 561 3546 manuscripto
568 3515 577 3544 ,
591 3481 678 3545 itaquo
688 3478 733 3541 eil,
745 3480 777 3540 fic
786 3484 823 3528 lior
834 3481 957 3547 divim,
973 3483 1020 3537 ort.
1037 3484 1060 3530 v
1091 3496 1116 3531 n.

559 3556 563 3563 ¹
614 3560 618 3569 ⁸
1018 3561 1058 3612 §2q
1075 3550 1115 3597 Nu
