2318 3914
209 116 404 193 brnen
444 122 758 205 Qurlarut.
850 135 943 211 2479Ι

50 231 104 290 tte]
142 228 239 310 Itaque
254 276 264 304 ‚
282 235 312 294 in
333 235 456 311 quibus,
475 246 588 308 propter
607 251 702 293 earum
723 232 927 308 exiguitatem,

50 305 211 368 obscuratio
224 312 399 389 consequitur
407 334 416 377 ;
436 310 507 385 saepe
522 309 646 378 accidit,
672 321 703 367 ut
716 310 783 367 nibil
799 305 926 367 interesse

51 381 148 441 nostra
162 385 314 455 fateamur,
333 386 385 445 lint
398 388 460 456 illa,
478 403 570 444 necne
580 385 647 443 sint:
668 395 699 442 ut
710 384 740 451 in
753 383 948 459 lsole‚quodp
963 396 1040 453 solem
1095 412 1099 417 ’

53 455 75 515 d
89 469 119 515 te
132 459 286 531 dicebatur,
305 465 448 534 lucernam
463 462 593 521 adhibere
606 460 674 523 nihil
687 458 812 531 interest,
830 468 924 519 autte-
934 462 987 515 altr,

54 533 180 597 nuntium
192 539 294 598 addere
310 537 399 596 Croesr
413 540 548 613 pecuniae.
841 592 844 597 ,
901 588 904 593 ,
938 583 941 591 ,

71 664 77 675 ,
95 612 203 687 Quibus
216 628 316 675 autem
327 617 357 674 in
367 614 445 672 rebus
459 613 612 673 obscuratio
626 624 702 672 tanta
716 628 776 672 nrm
791 612 824 671 sit
838 654 847 681 ,
860 609 925 671 fieri
937 630 974 689 30

54 690 150 747 tamen
172 692 285 765 potest,
304 703 337 749 ut
362 690 391 748 id
411 690 499 765 ipsum
521 730 532 760 ,
563 689 641 765 quod
661 689 795 757 interest,
813 688 951 764 non-fite
967 704 1034 767 ηρ·

52 778 199 839 maguum.
215 818 219 825 .
237 779 269 825 ut
284 767 330 834 ei,
348 766 397 842 qni
405 766 528 841 jucunde
541 766 639 824 vixerit
660 784 746 825 annos
768 764 885 832 decem,
904 762 1036 864 ww*

51 838 158 916 raeque
175 843 231 899 vita
242 843 512 918 jucundamenstrua
526 842 640 902 addatur
648 864 657 910 ;
678 843 779 919 29quia
794 858 925 900 momen·
933 828 1003 924 zm,
1009 833 1029 869 ¹·

54 923 119 977 tum
133 917 251 993 aliquod
265 920 364 978 habeat
377 919 411 978 ad
426 920 584 997 jucundum
604 919 737 987 accessio,
752 919 863 977 bonum
878 916 926 976 firr
950 912 1077 1003 Mim-

55 989 98 1049 fin
113 993 250 1054 autemid
264 1012 323 1054 non
337 996 505 1054 concedatur
517 1032 533 1064 ,·
545 1014 602 1056 non
619 994 756 1053 continuo
776 996 833 1053 vira
847 995 927 1052 beata

57 1067 175 1152 tollitur.
211 1069 287 1131 Bona
306 1082 400 1131 autem
423 1073 546 1148 corporis
564 1071 629 1130 huic
641 1070 703 1131 sunt
716 1071 823 1147 „quod
835 1069 929 1145 poste·

55 1140 112 1227 rius
127 1144 220 1218 posui,
238 1145 376 1207 similiora.
399 1147 501 1208 habent
515 1150 590 1208 enim
604 1147 786 1206 accessionem
799 1147 923 1221 dignam,

56 1235 89 1276 rn
103 1222 348 1294 quarelaboretur,
366 1235 399 1282 ut
413 1225 482 1283 mihi
495 1226 525 1283 in
538 1226 593 1286 hoc
608 1223 694 1282 Stoici
704 1223 793 1298 jocari
808 1224 941 1288 videam-1
955 1239 1002 1286 aur

56 1304 104 1353 tur
116 1297 252 1358 interdum
266 1342 276 1370 ,
294 1300 360 1359 cum
373 1300 539 1370 ita-dicant,
559 1301 579 1359 li
593 1300 627 1359 ad
639 1299 713 1357 illam
727 1301 812 1359 vitam
828 1340 837 1367 ,
857 1316 922 1374 quae
929 1300 1063 1354 laborem:

59 1385 126 1429 cum
146 1374 251 1434 virtute
263 1374 403 1453 degatur,
429 1378 547 1452 ampulla
576 1389 624 1434 aut
648 1375 758 1450 strigilis
786 1376 921 1445 accedat,

59 1444 229 1522 sumpturum
250 1451 399 1528 sapientem
420 1468 484 1512 eam
505 1454 590 1511 vitam
612 1450 726 1527 potius,
747 1449 840 1526 roqub
852 1452 925 1509 ¹haec

61 1520 166 1596 adjecta
179 1525 247 1598 lint,
261 1546 319 1587 nec
333 1529 484 1587 beatiorem
499 1542 600 1591 tamen¹
609 1529 647 1585 ob
660 1544 724 1585 eam
739 1527 932 1586 causamme.-

71 1632 74 1639 =
94 1600 163 1658 Hoc
176 1600 262 1662 simile
275 1604 389 1663 tandem
405 1606 442 1663 est
456 1623 514 1663 non
537 1605 588 1663 risu
602 1602 693 1679 potius
718 1604 804 1680 quim
818 1605 966 1687 oratio-31

56 1690 96 1733 ne
110 1677 320 1751 ⁸ejiciendum?
333 1680 453 1754 ampulla
467 1682 542 1739 enim
557 1679 613 1749 fit,
624 1697 713 1738 necne
725 1679 774 1748 lit,
793 1680 939 1757 quianons
955 1684 1056 1739 eiciend.

52 1749 120 1825 jure
139 1755 248 1828 optimo
266 1756 430 1824 irrideatur,
456 1753 626 1826 filaboret?
651 1767 679 1813 at
699 1754 766 1813 verb
787 1752 978 1829 gravitaredii·

58 1830 251 1889 membrorum
277 1832 307 1890 δι
329 1834 451 1891 cruciatu
466 1831 595 1890 dolorum
609 1831 629 1889 fi
643 1831 703 1906 quis
724 1848 809 1906 quem
830 1832 921 1901 levet,

57 1919 190 1977 magnam
205 1909 281 1964 ineat
295 1910 428 1982 gratiam:
449 1925 526 1977 nec,
546 1908 565 1966 sr
581 1907 625 1964 ille
638 1908 740 1980 sapiens
762 1907 796 1964 ad
818 1909 929 1966 tortoris

57 1981 189 2039 eculeum
203 1980 220 2039 a
233 1995 353 2056 tyranno
367 1985 407 2041 ire
421 1996 552 2058 cogatur,
574 1981 689 2041 similem
703 1983 800 2040 habear
813 1983 934 2049 vultum,

59 2056 328 2133 aracfiampullam
344 2057 513 2134 perdidisset:
534 2059 597 2127 sed,
617 2070 648 2116 ut
670 2074 802 2134 magnum
830 2059 859 2115 &
880 2058 936 2116 dis·
977 2078 981 2083 ·

57 2130 133 2191 ficile
147 2144 289 2192 certamen
301 2134 408 2203 iniens,
428 2133 492 2192 cum
507 2135 553 2193 sibi
568 2151 633 2192 cum
647 2135 754 2207 capitali
771 2133 936 2204 adversario,

57 2208 175 2278 dolore,
195 2208 408 2284 depugnandum
427 2212 558 2281 videret,
579 2211 709 2268 excitaret
733 2225 831 2268 omnes
851 2209 935 2267 ratio-

58 2300 110 2345 nes
134 2286 299 2344 fortitudinis
317 2288 350 2345 a'c
363 2286 535 2362 'parientiaez
565 2302 681 2367 quarum
705 2286 831 2358 praefidio
852 2287 933 2344 iniret

58 2359 128 2429 illud
147 2360 279 2433 difficile,
299 2376 330 2421 ut
351 2362 432 2435 dixi,
453 2380 642 2441 magnumque
665 2363 801 2436 proelium.
832 2361 935 2420 deinde

871 2455 932 2499 nou

92 2638 130 2677 29.
148 2625 212 2686 Qia
220 2632 347 2671 momentum
357 2621 446 2684 aliquod
454 2620 528 2669 halen
539 2621 568 2667 ad
579 2623 700 2681 jactandum
711 2623 803 2685 acceffio,
819 2644 845 2672 ne
858 2625 935 2673 lanum

53 2687 108 2749 fia]
128 2686 213 2734 veneti
229 2686 313 2741 aliter,
336 2682 373 2733 sed
388 2683 452 2733 sensu
466 2683 573 2733 nondum
586 2685 698 2743 liquido:
718 2688 782 2748 Qia
804 2702 933 2734 momentum

57 2750 243 2812 aliqumhabear
257 2750 285 2794 ad
295 2749 416 2807 jucundum
434 2747 576 2809 acreffionem
608 2751 662 2797 Nos
678 2748 806 2810 aliquando
831 2765 881 2797 non
898 2749 936 2796 in·

58 2810 218 2861 commodam
229 2810 356 2858 lestionem
366 2809 471 2858 futuram
481 2806 528 2859 else
539 2810 612 2857 talem
625 2811 670 2859 rari
685 2810 762 2859 sumus
774 2829 781 2858 :
799 2814 845 2860 All
852 2814 935 2870 jucun-

57 2880 129 2930 dum,
143 2872 247 2933 acc'effiane
256 2875 330 2921 bonum
335 2873 383 2931 fir:
401 2870 439 2920 sed
450 2871 480 2921 de
491 2873 538 2926 boc
549 2885 680 2934 queramus
691 2871 835 2936 diligentins.
853 2881 934 2922 eumer.

57 2941 127 3003 Qia
138 2950 266 2983 momentum
281 2936 369 2997 aliquod
385 2935 458 2980 habear
468 2935 627 2996 adiuuandum
641 2935 743 2997 acrrffir.]
762 2935 802 2984 Est
816 2935 936 2997 ascriptis

57 2999 186 3055 Lambini,
202 3012 274 3059 quem
283 2996 363 3046 firmat
372 2999 419 3045 Pal.
432 2996 489 3046 seut.
499 2999 524 3044 bc
543 2998 709 3058 Scaligeranua.
731 3001 847 3061 Vulgata,
858 3000 934 3056 adju-

59 3065 152 3111 euadam
162 3062 296 3122 acceffionem.
321 3074 371 3122 quo
383 3059 457 3106 modo
467 3073 548 3107 tamen
562 3059 691 3122 pancissimi
706 3059 722 3109 e
734 3062 793 3111 Pali.
805 3074 862 3109 nam
876 3074 931 3111 tert.

60 3120 448 3191 quint.adiuvandumacceffionem.
482 3125 575 3171 Gruter.
706 3143 708 3147 ·

96 3203 135 3243 30.
149 3186 198 3250 Q&
209 3191 249 3234 lm
257 3188 360 3246 adjelsad
376 3191 414 3231 An
427 3182 475 3231 non
487 3184 545 3232 luit?
560 3185 612 3247 quor*
621 3186 662 3229 har
671 3183 762 3246 adjedla,
776 3180 854 3241 Idem.¹

98 3264 135 3303 ³¹·
150 3258 189 3295 vac
198 3250 216 3306 β
226 3251 343 3310 ampullam
351 3246 493 3310 perdidifferq
511 3251 588 3295 Petrus
594 3244 654 3295 vict.
665 3244 727 3297 hauc
735 3244 863 3311 lectionem
873 3261 927 3296 mu·

60 3311 123 3362 tavit
130 3311 154 3357 in
164 3311 189 3360 d·
197 3310 217 3369 fi
226 3313 351 3374 ampullam.
362 3307 526 3374 proculdubio
536 3307 675 3358 auctoritate
684 3306 926 3361 membranacenmm.

61 3370 152 3425 &verb
163 3371 482 3437 ficquoqnerall.quinque=
500 3369 591 3419 adeunt
603 3372 658 3432 &fi
671 3373 751 3424 taleae
762 3362 927 3435 idemquodac

52 3440 93 3503 fia
109 3433 508 3503 autreformaudumreuiatiuurfi.
539 3432 624 3501 Idem,-
685 3496 688 3503 A

464 3502 630 3557 Vvvvvvp
835 3509 878 3559 1²2
896 3496 954 3553 dl·
