2318 3914
203 133 285 197 2710
335 111 960 180 roscontmmurarrouun
1088 94 1093 155 i

200 225 311 298 alicujus
325 222 409 283 etiarn
422 222 545 283 secundis
556 220 624 280 solet
640 240 647 279 ι
667 231 698 279 ut
706 218 922 295 Theophrastus
934 220 1064 281 interitum

201 299 346 374 deplorans
361 299 546 370 Callisthenis,
564 297 660 356 sodalis
674 296 730 365 sui,
749 297 829 355 rebus
845 296 1003 357 Alexandri
1013 315 1068 373 pru-

201 374 283 450 speris
296 378 418 452 angitur:
438 376 531 451 itaque
545 375 611 432 dicit
625 372 817 431 Callisthenem
835 369 966 432 incidisse
984 375 1014 432 in
1026 374 1070 432 ho-
1094 436 1098 445 ,

203 452 310 510 minem
334 451 440 512 summi
463 449 585 526 potentis
603 447 764 524 summique
785 447 899 507 sortunai
917 490 927 518 ,
946 448 994 509 sed
1006 452 1070 525 igna·

201 545 264 587 rum
281 570 290 598 ,
309 528 549 606 quemadmodum
577 527 655 585 rebus
682 524 805 584 secundis
832 526 876 583 uti
903 528 1073 603 conveniret.

205 604 294 679 Atqui
323 604 564 682 quemadmodum
592 600 775 661 misericordia
808 601 952 675 aegritudo
989 601 1026 659 est
1044 619 1073 661 ex

206 681 314 739 alterius
332 681 410 740 rebus
430 679 570 739 adversrs:
590 678 626 736 fic
651 677 800 737 invidentia
826 678 973 751 aegritudo
993 677 1029 737 est
1046 695 1075 737 ex

205 756 313 815 alterius
326 758 403 817 rebus
418 755 549 816 secundis.
568 756 597 813 in
611 771 695 829 quem
709 755 790 827 igitur
802 752 879 811 cadit
892 753 1034 822 misereri,
1050 755 1076 812 in

207 830 330 893 eundem
344 836 427 892 etiam
443 832 574 891 invidere.
612 848 669 890 non
691 828 764 888 cadit
783 840 879 903 autern
901 831 1033 889 invidere
1050 831 1075 888 in

57 921 83 968 ι’.
94 917 190 967 cxcv.
208 907 356 982 sapientem
373 930 381 966 ε
400 926 466 985 ergo
488 926 525 967 ne
544 906 663 966 misereri
683 906 805 981 quidem.
846 905 971 981 3⁶quhd
989 905 1010 965 fi
1027 906 1075 965 hoc

208 983 281 1059 aegre
295 985 365 1045 ferre
378 985 480 1059 sapiens
495 983 609 1059 solereg,
628 982 746 1042 misereri
759 983 845 1040 etiam
857 980 976 1044 soleret.
1012 981 1075 1041 abest

210 1078 277 1134 ergo
292 1059 308 1119 ὲ
321 1061 440 1136 sapiente
453 1061 597 1134 aegritudo,

163 1155 201 1195 22
246 1136 319 1195 Haec
340 1137 376 1194 fic
396 1136 523 1194 dicuntur
546 1135 563 1194 a
584 1135 683 1194 Stoicis
714 1132 983 1211 concludunturque
1015 1151 1075 1193 con·

61 1229 77 1263 e
96 1211 315 1276 aliquan-tortilis.
350 1211 396 1291 sed
408 1210 485 1270 latius
498 1212 659 1287 ealiquanto
672 1209 786 1269 dicenda
810 1209 873 1268 sunt
899 1212 933 1269 ὃ(
950 1208 1073 1270 diffirlius:

63 1276 147 1325 docta.
210 1286 348 1347 sententiis
359 1302 454 1349 tamen
466 1288 601 1347 utendum
617 1304 713 1345 eorum
735 1284 906 1362 potiffimhm
924 1328 935 1355 ,
957 1288 1007 1364 qui
1023 1304 1075 1345 tna·

62 1352 116 1387 vm·
210 1364 285 1422 xime
301 1366 365 1423 sorti
400 1366 453 1435 ἃ,
490 1375 521 1422 ut
541 1365 579 1424 ita
596 1363 710 1433 dicam,
736 1361 806 1419 virili
826 1375 948 1421 utuntur
976 1363 1074 1421 ratione

208 1450 290 1514 atque
312 1441 451 1499 sententia.
489 1456 556 1499 nam
583 1439 776 1513 Peripatetici,
801 1437 955 1498 familiares
982 1439 1074 1507 nostri,

211 1517 308 1590 quibus
323 1518 390 1574 nihil
405 1515 442 1573 est
455 1515 562 1574 uberius
577 1557 587 1585 ,
605 1515 672 1574 nihil
692 1512 842 1583 eruditius,
863 1514 936 1572 nihil
956 1515 1074 1591 gravius,

64 1592 80 1644 f
91 1592 184 1667 rnedio-
211 1589 431 1651 fmediocritares
445 1593 489 1648 vel
522 1591 759 1658 erturbationum,
778 1590 823 1647 vel
838 1591 1011 1650 morborum
1025 1590 1075 1649 ani·

65 1671 173 1733 “limem
214 1670 253 1725 mi
270 1711 279 1736 ,
298 1669 365 1727 mihi
379 1686 437 1730 non
451 1609 519 1727 sang
527 1667 651 1742 probant.
669 1683 755 1725 omne
769 1667 843 1723 euim
860 1666 971 1726 malurn
981 1668 1075 1736 ,etiam

65 1722 128 1773 ⁶²⁵¹··
213 1744 372 1812 mediocre,
392 1761 524 1820 magnum
540 1744 584 1801 est.
604 1761 655 1802 nos
669 1754 760 1800 autern
776 1741 804 1800 id
818 1743 947 1816 agimus,
968 1742 1075 1803 utidiu

212 1817 331 1893 sapiente
344 1820 448 1879 nullum
462 1819 494 1878 fit
508 1820 635 1878 omnino.
671 1837 736 1878 nam
758 1831 789 1877 ut
809 1835 910 1892 corpus
927 1862 938 1889 ,
959 1816 1076 1878 etiamsi

69 1909 86 1957 tl
101 1893 392 1968 [iwani-mediocriter
405 1914 510 1972 aegrum
525 1896 581 1965 est,
599 1895 693 1954 sanum
708 1913 765 1953 non
780 1892 837 1951 est:
866 1893 904 1952 fic
918 1897 974 1954 sin
989 1897 1075 1954 animo

69 1972 113 2033 ¹¹¹9.
123 1957 156 2007 ‘st
170 1956 264 2030 ¹st²isla
285 1973 458 2032 mediocritas
483 1985 557 2031 caret
570 1971 690 2029 sanitate.
728 1971 820 2046 iraque
834 1970 972 2044 praeclare
984 1972 1076 2039 nostri,

69 2021 120 2071 ‘⁸²¹¹'
215 2060 246 2107 ut
273 2049 322 2115 alia
351 2051 457 2119 multa,
484 2047 661 2118 molestiam,
679 2045 906 2116 sollicitudiuem,
926 2065 1075 2123 angorem,

973 2137 1077 2200 propter

245 2313 283 2359 36.
300 2309 366 2370 Qud
377 2307 397 2366 fi
407 2310 443 2353 hac
454 2306 503 2370 agre'
510 2308 588 2368 serre]
612 2309 662 2356 MS.
675 2310 722 2354 ret.
734 2305 788 2368 quad
800 2303 820 2362 fi
830 2303 881 2367 agre*
892 2308 934 2352 bac
949 2303 1016 2363 feste.
1032 2302 1074 2352 sal.

217 2369 293 2430 quint.
311 2371 367 2432 quod
379 2373 394 2425 fi
404 2371 528 2429 hocsem:
544 2384 597 2419 tert.
608 2382 683 2427 quart.
699 2374 754 2432 quod
768 2368 786 2424 β
801 2371 842 2414 bec
858 2370 941 2429 sapiens
958 2368 1035 2425 referre
1044 2369 1076 2426 fo·

215 2434 285 2478 leret:
305 2433 402 2480 Norvic.
418 2435 474 2495 quod
483 2435 505 2492 st
524 2439 563 2480 luc
575 2431 653 2490 nferre
668 2449 676 2489 3
694 2446 744 2491 quae
763 2429 858 2491 quidem
876 2431 1012 2492 scriptura,
1027 2430 1074 2477 licet

216 2493 312 2552 viriosa,
329 2508 386 2543 verz
398 2508 479 2544 tamen
490 2493 521 2543 est
533 2496 647 2558 proxima.
681 2491 830 2558 Legendum,
847 2495 931 2553 quadfi
947 2510 999 2554 agre
1008 2494 1074 2552 fem3

216 2554 292 2604 officit
308 2559 373 2606 enim
387 2555 459 2606 sensui
490 2573 615 2607 ronomen.
648 2555 822 2619 Adspirariones
838 2555 935 2603 vocibus
951 2554 1074 2618 aliquando

215 2632 338 2680 perperam
358 2619 448 2668 additas
467 2574 535 2669 iirisse
557 2620 724 2668 demonstravit
745 2618 824 2681 Janus‘
837 2615 976 2683 Rurgersrus
999 2616 1073 2666 venus.

211 2681 276 2730 Lest.
289 2697 338 2744 cap.
348 2699 382 2738 ru.
400 2689 449 2731 llac
460 2699 483 2732 re
500 2680 659 2731 animadversi
685 2683 753 2744 origo
774 2681 854 2728 mendi
870 2679 981 2743 patebit,
997 2678 1013 2727 li
1030 2695 1074 2727 mer

212 2744 344 2798 minimus,
360 2746 467 2794 librarios
486 2745 602 2793 interdum
616 2744 684 2792 ver'oa
698 2742 761 2791 male
777 2742 894 2799 divisrffe3
916 2741 942 2789 id
958 2742 1024 2805 quod
1039 2745 1072 2790 irr-

211 2803 272 2916 fiqni
283 2806 366 2870 Justini
376 2810 488 2870 Martyris
497 2808 552 2855 loco
564 2808 692 2856 ostendam.
725 2810 765 2854 Vir
781 2807 822 2853 ille
836 2803 994 2855 fetidissimus
1010 2810 1071 2855 Orat.

213 2882 228 2918 a
256 2873 330 2920 Grac.
346 2884 425 2935 cap.3.
443 2870 472 2919 de
485 2870 597 2934 Apolline
609 2869 640 2918 src
655 2869 772 2931 loquitur:
805 2869 890 2922 Mons
907 2869 1016 2922 issum,
1032 2866 1075 2915 in·

218 2933 335 2990 κιτέλιβι
354 2933 392 2982 καὶ
410 2934 443 2997 «ᾧ
460 2935 557 2994 ἐρωμένῳ
577 2932 643 2980 αὐτὸν
661 2935 758 2989 Αἰακίδῃ
777 2934 880 2979 eutu‘om
896 2932 936 2979 ‘rii
958 2932 1019 2980 αὐτὶ
1033 2930 1076 2977 ³2¹·

220 3011 287 3042 testu
301 2995 339 3042 οὐκ
361 2996 530 3055 lucicomum.
563 2995 711 3043 Scribendum
728 2992 817 3042 videtur
833 2997 868 3055 τᾷ
891 2992 993 3053 spa-ulva·
1016 2992 1076 3040 mers

213 3055 322 3115 Ὑακίνθῳ
336 3059 461 3106 &cursatur
476 3059 514 3106 cst
530 3058 599 3107 abacos
615 3058 718 3107 θάνατον
734 3058 773 3104 οὐκ
793 3058 963 3105 ineuntem.
1006 3059 1075 3103 Com·

216 3118 336 3189 peridiarie
358 3119 467 3182 scriptum
486 3121 551 3169 ‘'raz.
573 3121 705 3170 statuisset.
727 3118 823 3168 deinde
838 3117 963 3167 scribarum
980 3117 1074 3167 solennis

215 3181 304 3229 meuria
320 3183 459 3246 principium
479 3185 544 3231 vocis
564 3181 666 3230 secunde
686 3183 756 3247 priori
768 3181 894 3238 adiunxit5
918 3181 995 3236 unde,
1011 3181 1075 3229 mini·

215 3255 256 3288 ma
268 3245 410 3299 mutatione,
428 3244 491 3294 fasta
501 3245 534 3294 est
545 3259 584 3295 ea.
602 3261 652 3309 quae
662 3261 723 3293 nunc
734 3245 837 3300 obtinet,
854 3246 935 3293 rectio.
957 3248 1011 3291 Nec
1021 3243 1074 3290 alio·

213 3318 264 3353 rum
277 3307 439 3365 conjesturas,
455 3319 498 3355 nec
509 3307 613 3356 fabulam
625 3308 719 3364 resero,
741 3322 815 3370 quarn
830 3321 910 3369 practer
924 3308 1075 3367 Myrholopos

215 3365 326 3415 exhibent
338 3371 502 3432 Athenagoras
512 3374 593 3433 Legat,
611 3385 661 3434 cap.
668 3387 713 3427 ,r7.
735 3371 881 3433 Theophilus
898 3368 929 3416 ad
942 3370 1022 3417 Aurol.
1038 3367 1074 3415 lib.

214 3443 233 3481 ¹.
250 3443 347 3496 papas.
365 3432 555 3484 Commodianus
567 3432 714 3485 lusttust.xr.
731 3435 819 3498 aliique
832 3432 974 3497 complures.
1003 3430 1075 3487 orvis.

982 3510 1018 3553 37·
1039 3501 1075 3542 Λ*
