2318 3914
327 94 517 161 Lruex
558 94 802 172 Patulus.
920 46 1001 181 Ιιςός

136 203 165 261 iri
179 201 282 261 mortui
296 201 374 267 sunt,
394 218 428 260 an
450 204 506 271 iis,
533 202 630 277 quibus
650 206 827 264 moriendum
848 204 928 264 rest?
948 209 1011 281 At
1026 202 1138 267 esttttll

147 279 254 355 trisque.
274 279 317 337 M.
335 278 382 335 Est
395 279 524 337 miserum
538 281 637 355 igitur,
656 283 790 355 quoniam
806 283 919 340 malum.
946 274 1122 349 mmm&

113 354 206 414 Certe.
226 356 269 413 M.
288 354 362 429 Emo
379 356 409 413 &
424 356 462 425 ii,
481 356 578 430 quibus
591 358 686 416 evenit
702 358 775 428 jam,
795 370 826 416 ut
839 375 982 421 moreren-

111 440 174 499 tur,
195 433 224 491 &
237 433 274 505 il,
293 432 391 507 quibus
405 446 569 491 euenturum
592 432 652 501 cll,
672 432 770 489 miseri.
796 434 981 497 ultiniis
1020 430 1044 475 ¹²·
1061 431 1112 483 ΟΕ·

110 506 226 566 videtur.
247 510 290 566 M.
310 509 408 566 Nemo
423 525 490 583 ergo
502 526 561 567 non
576 509 664 567 miser.
702 510 738 566 A.
754 510 860 567 Prorsus
881 528 977 573 nemo.

109 581 155 639 M.
174 584 210 641 Et
223 584 357 659 quidem,
383 582 463 643 srtibi
477 584 599 643 constare
613 586 653 643 vis
670 627 678 652 ,
698 602 821 655 omnes,
841 568 1113 691 mewssffffiss

108 674 164 732 que
190 661 247 718 nati
269 661 330 719 sunt
349 673 482 730 eruntve,
501 679 560 719 non
573 660 660 719 sollum
677 662 784 721 ‘miseri
800 705 809 729 ‚
828 661 874 721 sed
890 666 995 739 etiarn1
1010 693 1108 747 miseni·

108 733 327 809 sempermiseri.
349 754 414 794 nam
430 734 450 793 fi
465 737 535 796 solos
550 755 598 795 eos
612 737 715 796 diceres
730 738 858 808 miseros,
877 741 1018 815 quibusmr
1028 746 1080 807 ltu.
1146 758 1149 767 ’

107 812 285 869 moriendum
302 810 383 881 edet,
404 813 545 871 nemiuem
561 826 592 871 tu
607 814 721 890 quidem
737 832 852 883 eorum,
872 818 920 892 qui
932 820 975 877 vi-

108 900 223 955 verent,
244 889 398 963 exciperes:
419 888 594 948 moriendum
610 892 646 948 cll
662 894 737 949 enim
751 892 895 951 omnibus:
911 892 978 955 ellct

108 971 203 1019 tamen
224 964 371 1023 ¹9mileriae
384 963 444 1024 finis
459 967 489 1024 in
504 980 603 1024 morte.
629 968 762 1042 quoniam
780 981 874 1025 autern
891 970 975 1031 etium

107 1039 213 1095 mortui
234 1041 321 1099 miseri
336 1040 412 1108 sunt,
430 1043 460 1099 in
474 1042 608 1101 miseriam
624 1044 758 1101 nascimur
772 1044 975 1117 sempiternam.

48 1136 56 1149 .
106 1112 215 1196 uccelle
229 1115 266 1172 est
280 1117 372 1185 enirn,
393 1117 504 1177 miseros
521 1117 574 1176 ell'e
590 1138 655 1189 eos,
675 1122 721 1195 qui
737 1131 888 1179 20centurn
912 1124 975 1181 rnil-

48 1253 53 1262 .
105 1187 174 1246 lrbus
186 1207 320 1249 annorum
336 1191 400 1251 ante
414 1194 592 1262 occiderunt,
612 1198 655 1253 vel
670 1196 760 1269 potius
775 1214 891 1267 umnec,
911 1200 972 1275 qui·
1019 1206 1023 1213 '

107 1280 228 1341 cumque
243 1268 299 1326 nati
312 1267 381 1327 lunt.
400 1271 437 1327 A.
459 1271 499 1329 lta
513 1272 617 1345 prorsus
631 1272 767 1330 exillim0.

54 1427 57 1434 Ι
142 1342 185 1400 Μ.
197 1343 270 1414 Dic,
289 1344 401 1429 quael0,
419 1364 489 1407 num
504 1359 532 1407 te
545 1348 589 1407 illa
600 1360 704 1409 terrent
719 1392 728 1425 ,
747 1360 774 1391 ²¹
784 1350 881 1426 triceps
896 1353 969 1428 apud
981 1361 1015 1405 to

53 1433 66 1447 ¹*
928 1432 969 1489 in-

103 1612 196 1673 Artitus
209 1612 255 1665 hle
265 1615 344 1666 littera
360 1615 545 1682 dignificaretur,
562 1614 731 1675 uendidisset,
745 1616 825 1680 poposci
837 1635 908 1665 eorum
922 1620 968 1668 ali·

103 1692 168 1739 quem
182 1711 189 1733 ,
205 1677 261 1737 sed,
274 1682 355 1743 poposci
367 1685 479 1743 Atticum.
511 1680 566 1743 Jam
579 1695 619 1745 per
634 1685 665 1729 M
678 1684 730 1728 licet
745 1695 786 1743 per
801 1694 840 1727 me
850 1678 967 1744 fignifice-

102 1744 244 1789 turlldareus.
279 1742 387 1791 Omnino
402 1745 485 1793 malim
503 1742 567 1800 elle,
598 1744 637 1792 ubi
652 1742 801 1807 personarum
816 1746 966 1805 loquentium

101 1804 246 1852 mutationes
256 1804 331 1863 fiunt,
346 1807 424 1854 inania
434 1806 506 1869 spatia
517 1807 617 1868 relinqui
628 1823 634 1853 ε
652 1805 853 1870 quemadmodum
863 1807 967 1859 feceram

71 1898 74 1903 ,
102 1866 130 1913 in
140 1866 215 1940 prima
226 1866 336 1917 editione.
370 1868 432 1926 sed,
447 1884 471 1917 ut
483 1867 531 1916 dirti
543 1903 550 1926 ,
567 1870 632 1917 nolui
644 1870 667 1916 in
680 1883 718 1917 me
732 1869 820 1917 irritare
831 1870 964 1921 malevolos

102 1930 129 1977 δι
140 1943 252 1992 ineptos,
269 1930 321 1979 latis
332 1933 422 1995 alioqui
432 1935 470 1981 lua
481 1930 495 1979 s
506 1943 564 1980 onte
577 1931 718 1987 irritabiles,
739 1933 764 1979 δι
780 1932 885 1981 maxime
899 1935 922 1980 iu
940 1950 966 1984 re

100 1992 168 2057 patri
188 1995 306 2042 momenti
332 1948 539 2058 &propemodum
557 1997 671 2052 llrsoiro.
695 1996 792 2042 Lambini.
825 2002 863 2042 -Λ,
877 2000 964 2043 lllalum

99 2059 159 2103 mili
167 2057 223 2114 dtu]
239 2061 296 2104 Uter
314 2072 343 2105 ue
355 2060 440 2106 Codex
452 2058 549 2107 Nortie.
581 2058 686 2104 Atticum
701 2057 872 2103 collocutorem
888 2072 964 2121 ogno-

99 2114 156 2175 seit,
171 2133 214 2166 nec
226 2072 386 2184 alirercloach.
400 2122 565 2175 Camerarius,
581 2131 695 2182 preeunte
710 2120 835 2167 Lactantio
852 2119 906 2168 Diu.
924 2126 965 2170 ln·

100 2178 148 2229 lllt.
161 2180 199 2230 lib.
209 2196 226 2229 r.
245 2198 294 2245 cap.
304 2198 313 2229 r
318 2198 337 2238 5·
357 2183 408 2239 ubi,
425 2183 549 2245 postquam
560 2182 675 2230 nonnulla
691 2196 720 2230 ex
736 2181 831 2237 huiusce
846 2182 898 2230 libri
909 2197 961 2247 cap.
1014 2185 1017 2191 '

101 2258 140 2299 13.
156 2244 304 2299 laudaverat,
320 2246 354 2293 ita
364 2248 485 2309 loquitur:
501 2245 595 2306 Testatus
610 2244 638 2303 est
651 2246 752 2291 videlicet
767 2247 846 2292 unrici
860 2247 964 2306 confrico·

96 2310 155 2354 riam
166 2325 193 2353 ex
202 2309 250 2368 ipfit
258 2307 363 2370 mysteriis
372 2312 465 2371 intelligi
472 2310 539 2373 peffe,
555 2308 611 2369 quid
624 2324 692 2354 omnes
702 2309 741 2354 illa·
751 2310 843 2353 homines
852 2306 961 2369 fuerunt,
1031 2340 1034 2345 -

96 2374 139 2432 qui
148 2374 251 2420 coluntur.
284 2374 425 2420 immeritor
443 2373 534 2420 Atticus
544 2372 608 2419 enim
623 2384 674 2418 tum
689 2371 802 2435 temporis
817 2368 886 2419 lenex
897 2384 960 2429 erat,

95 2434 189 2495 juvenis
200 2447 277 2481 autem
288 2435 342 2493 ille,
358 2438 462 2495 quicum
474 2437 589 2483 Cicerone
600 2434 724 2498 dilputavit
736 2467 742 2488 ,
757 2446 781 2481 ut
792 2444 856 2495 patet
872 2448 901 2482 ex
917 2434 959 2484 lib.

97 2510 130 2543 rr.
149 2510 199 2558 cap.
209 2512 245 2545 η.
260 2502 310 2544 liae
325 2498 394 2560 igitur
410 2498 488 2546 littera
504 2498 665 2557 Adolescenrem
679 2498 716 2544 vel
735 2498 870 2543 Auditorem
887 2497 962 2549 incer·
983 2539 986 2545 .

95 2572 152 2606 tum
162 2558 269 2606 denotari
279 2573 334 2606 eum
344 2560 394 2606 aliis
403 2558 519 2609 existimo.
557 2561 671 2616 Davrfius.

130 2636 166 2672 19.
184 2622 275 2679 Mrseria
282 2622 335 2681 finit
346 2623 369 2666 in
378 2628 461 2680 morte]
477 2624 512 2670 Sic
522 2626 641 2669 Lucanus:
659 2624 717 2666 Mors
728 2621 806 2667 ultima
814 2631 875 2681 pana
885 2621 913 2679 est
923 2639 959 2668 nte

94 2685 210 2731 metuenda
223 2686 288 2731 viris.
306 2685 330 2731 de
343 2683 418 2733 Cesar
428 2684 489 2748 apud
503 2684 634 2733 sallullium
651 2696 753 2732 mortem
769 2683 852 2730 cundia
867 2698 959 2731 morta-

93 2748 158 2795 lium
174 2744 237 2793 mala
251 2742 390 2799 dillolvere‚
416 2750 443 2795 dt
458 2762 610 2795 :erumnarum
628 2748 731 2809 requiem
751 2746 794 2792 elle
816 2745 840 2791 in
861 2745 958 2794 miseriis

72 2816 78 2825 '
93 2824 124 2858 ac
135 2809 213 2862 lustu,
228 2807 314 2858 statuit.
332 2810 356 2858 δι
368 2808 503 2860 Aristoteles
512 2812 537 2859 iu
552 2809 640 2859 Etlricis
655 2809 764 2858 omnium
779 2809 958 2857 tremendorum

93 2871 170 2921 finem
182 2869 234 2920 else.
268 2879 304 2920 Λ.
319 2877 404 2921 Manat.

128 2953 166 2986 20.
183 2944 267 2982 tentum
277 2935 504 2995 willemannum]
520 2935 598 2998 Loqui
609 2932 698 2981 videtur
710 2929 833 2979 secundum
845 2945 899 2985 eus,
916 2932 957 2990 qui

93 2997 210 3047 mundum
222 3012 298 3059 neque
307 2999 413 3061 genitum
424 3013 499 3061 neque
515 3000 660 3047 interiturum
676 3008 780 3056 unquam
796 2992 861 3063 fuill'e
877 2993 957 3053 prodi-

93 3061 193 3118 derunt3
211 3063 236 3111 δι
246 3062 278 3109 ita
290 3060 400 3109 homiues
410 3059 498 3124 semper
507 3058 591 3117 fuiffe,
609 3074 685 3117 neque
698 3070 801 3116 uuquam
813 3055 854 3102 ulfi
870 3070 898 3102 tx
911 3055 956 3104 ho·

94 3123 197 3171 minibus
212 3138 298 3179 natos,
316 3136 387 3186 atque
401 3136 482 3172 eorum
501 3126 579 3185 generi
595 3137 662 3183 eaput
679 3119 848 3178 exordiumque
862 3120 954 3169 nullum

94 3186 205 3236 exilitille
215 3188 318 3236 arbitrati
330 3186 389 3235 suut.
417 3201 467 3250 quae
486 3187 568 3249 opinio
582 3185 686 3233 cultores
702 3181 771 3228 habet
784 3182 953 3245 l’ytlrrrgorum,

94 3248 218 3299 Arclritam
227 3265 357 3314 omnesque
369 3248 429 3297 adeo
445 3247 618 3313 Pythagoricos.
650 3242 785 3294 Aristoteles
796 3259 890 3307 quoque
901 3250 954 3294 Sta-

113 3315 210 3371 irites&
222 3313 393 3377 Theophrastus
405 3313 520 3377 multique
536 3326 585 3359 non
601 3309 717 3373 ignobiles
732 3307 875 3371 Peripatetici
890 3308 955 3358 idem

93 3330 238 3437 {eriplerunn
269 3379 390 3427 Beroaldus.

126 3454 163 3505 er.
180 3441 327 3505 tritosque
337 3440 435 3503 infirm]
466 3434 691 3553 Seqrqetbrqqiqsbduot
707 3434 744 3487 hic
759 3429 861 3501 quefitit
871 3432 957 3545 ueteqie

471 3510 488 3561 ll
596 3522 608 3548 ν
640 3517 652 3558 3
912 3511 956 3555 al·
