2318 3914
236 125 319 204 2390
442 110 505 174 De
524 110 611 174 Fru.
633 106 732 174 Bou.
753 124 805 175 rr
827 108 940 175 Mat.

54 248 57 257 ¹
87 242 302 307 ¹¹¹¹'onpppeum
316 224 387 285 bene
402 240 501 284 cenare
517 266 526 294 ,
544 224 593 301 qui
613 223 709 283 omnia
730 235 818 300 ponat
837 225 867 282 in
888 223 1055 299 voluptatet
1073 227 1103 288 dc

87 317 175 365 iens,
235 314 331 361 tamen
345 315 426 361 ¹non
443 313 526 377 negat
548 313 575 355 37
584 301 700 359 libenter
719 318 856 377 umquam
879 300 985 360 cenasle
1010 302 1105 362 Gallo-
1154 312 1157 369 ῑ

103 381 130 429 1'·
141 380 213 430 UX-
235 379 338 437 nium:
361 380 542 453 (mentiretur
562 378 656 446 enim)
683 376 729 436 sed
750 378 829 436 bene.
868 376 909 435 lta
931 379 1050 453 grauiter
1077 381 1107 439 δι
1155 371 1157 423 i

235 453 329 513 severe
345 456 514 531 uoluptatem
530 453 644 513 secernit
659 454 675 511 i
692 454 780 514 bono.
817 472 852 513 ex
867 472 926 530 quo
941 454 1008 513 illud
1022 456 1109 515 effici·

235 535 353 609 tur,qui
367 530 438 591 bene
452 544 570 600 cenent,
580 547 678 589 omnes
691 530 808 590 libenter
822 548 935 589 cenare:
958 532 1008 607 qui
1021 532 1110 592 liben·
1152 574 1157 603 .

173 662 179 677 ,
234 620 294 678 ter,
314 627 373 668 non
388 607 523 666 continuo
537 608 617 666 bene.
653 606 761 682 semper
775 608 878 673 Laelius
893 608 974 667 bene.

117 718 119 723 -
193 699 229 758 ις
274 685 352 762 Quid
364 684 456 744 bene?
479 683 505 740 38
513 684 579 742 dicit
601 683 747 752 Lucilius,
767 683 851 744 coeto
869 727 877 754 ,
898 684 1025 743 condito.
1062 683 1110 745 sed

236 763 308 820 cedo
323 774 404 837 caput
418 779 512 821 cenae:
532 760 659 819 sermone
674 759 759 818 bonu.
786 761 853 838 quid
868 779 903 819 ex
916 759 973 819 eo?
994 761 1014 819 st
1027 779 1107 839 quae·

234 839 283 908 ri’,
302 839 427 899 libenter.
464 837 592 896 veniebat
606 837 682 894 enim
696 836 731 893 ad
743 854 860 907 cenam,
878 850 910 896 ut
924 837 1021 896 animo
1030 839 1110 916 quie·

234 925 267 973 to
280 914 385 973 satiaret
400 913 529 974 desideria
544 925 658 971 naturae.
697 913 771 970 tecle
792 931 859 987 ergo
880 915 902 973 is
916 925 1001 990 negat
1017 957 1026 984 ,
1046 932 1109 974 um·

92 992 112 1051 i,
123 973 186 1051 ¹22³
213 977 320 1068 i'quam
334 992 407 1050 bene
421 988 527 1050 cenasse
541 989 720 1055 Gallonium3
739 989 852 1059 erecte,
872 989 1020 1049 miserum:
1041 991 1105 1051 cum

90 1040 387 1202 {fflffi‘praesertim
401 1069 431 1127 in
444 1085 480 1127 eo
500 1084 587 1126 omne
608 1066 727 1125 studium
748 1066 931 1125 consumeret.
970 1084 1058 1143 quem
1076 1069 1110 1129 li·

258 1156 335 1205 enter
347 1142 452 1202 cenasse
466 1161 553 1203 nemo
567 1155 658 1219 negat.
695 1143 754 1200 Cur
766 1143 847 1218 igitur
860 1161 920 1202 non
932 1143 1025 1201 bene?
1045 1147 1110 1221 quia

240 1221 318 1296 quod
330 1221 427 1289 bene),
445 1220 474 1280 id
494 1219 591 1289 retii,
611 1219 773 1294 frugaliter,
792 1219 930 1278 honeste:
958 1220 1003 1277 ille
1024 1220 1110 1296 porro
1153 1254 1157 1261 ·

240 1295 329 1367 male,
349 1297 449 1373 prave,
470 1299 619 1374 nequiter,
639 1297 753 1371 turpiter
769 1297 891 1354 cenabat.
930 1297 1000 1355 Non
1028 1298 1111 1372 igitur

92 1375 215 1493 azima
241 1386 315 1435 ²nec
328 1375 430 1451 lapathi
442 1372 604 1433 suavitatem
618 1373 766 1448 acipenseti
780 1373 901 1433 Gallonii
916 1372 1020 1432 Laelius
1032 1386 1112 1527 augg:

93 1500 185 1565 lapathi

51 1616 53 1621 ⁴
94 1567 170 1618 uene.

271 1645 309 1686 37·
325 1629 423 1677 Libenter
435 1642 530 1690 aequem
543 1627 647 1689 cenasse]
677 1628 714 1676 Sic
723 1629 787 1675 cato
798 1624 829 1674 de
838 1629 876 1675 Re
886 1626 982 1678 Rustica
991 1640 1043 1741 cap.
1057 1632 1111 1684 156.

242 1694 270 1740 st
285 1694 343 1738 veles
360 1695 383 1738 r'rr
397 1693 607 1739 eonvivr'o·multmrr
622 1691 689 1736 br'iere
703 1704 822 1752 eoenareque
837 1692 925 1740 libenter
942 1693 986 1744 &a
1043 1691 1112 1739 unitio

242 1754 305 1818 opud
316 1755 422 1802 Gellium
434 1767 484 1815 cap.
497 1772 519 1812 4.
536 1752 577 1804 lib.
589 1767 639 1803 κη.
659 1754 710 1818 Qi
725 1768 772 1799 crem
787 1752 835 1797 berre
846 1753 900 1817 sepe·
914 1756 1003 1801 libram
1018 1755 1112 1815 mensa

238 1818 439 1880 sermonesqrrrfuos
448 1818 493 1869 irc.
510 1815 571 1866 Vide
581 1817 606 1864 δι
618 1820 742 1864 Donatum
753 1815 779 1862 in
790 1813 850 1863 illud
858 1830 889 1867 ex
905 1815 1023 1865 Eunucho
1034 1851 1042 1873 ,
1059 1821 1111 1863 Beer

242 1881 330 1928 libenter
340 1883 449 1937 visitur,
464 1879 556 1942 inquit,
571 1879 669 1925 bonorum
679 1878 772 1926 cibortem
782 1879 837 1923 edax
852 1897 880 1928 es.
899 1881 1011 1928 Horatius
1024 1878 1111 1929 lib-11.
1155 1876 1157 1885 '

243 1946 291 1992 Sat.
300 1958 330 1993 11.
348 1948 400 1990 Bene
409 1956 455 1991 erat
464 1960 504 1989 noo
512 1942 601 2003 pestibus
612 1942 661 1988 urbe
668 1945 742 2003 petitio
752 1973 760 1997 ,
776 1942 821 1988 Sed
828 1944 888 2004 pullo
898 1957 963 2007 atque
972 1945 1039 1993 hodo.
1072 1940 1111 1991 Est

244 2008 271 2055 δι
281 2006 419 2068 exemplum
428 2003 489 2070 apud
503 2006 609 2053 Plautum
618 2006 643 2052 in
657 2003 751 2054 Casina.
785 2007 891 2056 Meretur.

276 2079 313 2126 38.
330 2074 395 2117 Dicet
404 2070 589 2124 Luciliumeotio,
599 2069 687 2116 condrio.
705 2069 748 2115 Sed
758 2069 805 2113 erdo
816 2080 877 2130 caput
888 2085 947 2116 rene.
963 2070 1063 2115 Sermone
1078 2068 1114 2142 iro·

240 2128 1114 2259 t2s..taaautintitularentur}itta

241 2269 362 2321 apparate:
378 2275 413 2303 nec
422 2260 447 2303 id
456 2259 542 2318 solum,
553 2258 592 2317 sed
603 2258 650 2302 bene
659 2257 725 2312 eruo,
749 2257 845 2315 condito,
857 2259 951 2318 sermone
964 2263 1025 2311 bono,
1042 2258 1079 2311 (7,
1092 2257 1116 2314 fi

258 2324 335 2375 ueris,
352 2320 445 2368 libenter.
462 2333 505 2377 ut,
523 2319 727 2383 quemadmodum
737 2318 833 2382 quidem
844 2335 890 2385 ego
901 2319 1009 2371 existimo
1019 2352 1029 2376 ,
1040 2321 1116 2367 Luci-

242 2337 273 2431 iii
284 2382 373 2430 versum
385 2383 482 2438 recitet,
499 2397 571 2445 quern
582 2385 654 2431 etiam
666 2382 728 2430 bunc
740 2383 764 2430 in
774 2383 855 2432 locum
865 2385 1005 2432 transmittit
1017 2414 1024 2437 ,
1038 2379 1079 2430 sed
1089 2396 1115 2431 ut

244 2447 253 2494 i
272 2444 293 2493 se
308 2443 414 2506 quadam
430 2447 561 2507 interliciat.
594 2461 641 2510 ego
656 2458 752 2501 autem,
767 2459 820 2493 curn
843 2446 867 2493 in
885 2448 929 2494 illa
948 2445 978 2496 ad
1002 2450 1065 2497 att..
1077 2460 1113 2508 ep.

255 2509 355 2617 “idum
365 2509 480 2570 legerem,
497 2511 549 2555 coilo
561 2543 568 2566 ,
584 2510 679 2567 condito,
696 2522 774 2570 neque
785 2506 835 2557 sum
846 2507 969 2558 arbitratus
980 2506 1034 2556 sore
1046 2541 1055 2563 ‚
1076 2508 1116 2572 qui

244 2586 279 2620 no
300 2585 350 2618 ram
361 2572 520 2627 conieiluram
531 2571 721 2635 reprehenderet,
734 2586 787 2620 cum
798 2571 928 2620 ea'tatione
937 2587 989 2621 tam
998 2569 1070 2620 firma
1080 2571 1116 2620 ni·

247 2645 342 2685 teretur.
358 2647 416 2696 puto
426 2647 505 2682 autern
515 2635 598 2683 Lucilii
609 2633 685 2684 versus
697 2632 832 2693 huiusmodi
842 2631 923 2684 fuisse:

520 2699 586 2760 Quid
601 2700 669 2745 bear?
688 2701 757 2754 cotio,

246 2758 429 2817 eonditesermrne
438 2761 500 2817 booo,
514 2762 554 2815 (φ,
566 2762 588 2819 fi
601 2765 696 2821 queris,
713 2763 806 2810 libenter.
841 2759 960 2816 utillud,
975 2764 1031 2823 quid
1046 2762 1117 2811 beeri

247 2822 314 2875 roilo,
332 2821 401 2878 pedes
409 2821 455 2871 sint
466 2821 616 2886 praecedentis
625 2823 709 2873 versus.
742 2823 812 2888 Qtod
824 2837 902 2872 antem
919 2822 1028 2886 legitur,
1045 2826 1118 2890 quid,

248 2900 276 2931 ee
285 2885 337 2942 eost
345 2892 439 2949 queris,
457 2888 559 2935 libenter?
576 2899 634 2950 puto
648 2888 682 2936 ita
693 2885 739 2935 csse
755 2885 970 2950 interpungendum
986 2890 995 2935 ἓ
1012 2890 1080 2950 Qid
1092 2904 1119 2935 ιιι
1142 2926 1147 2930 .

247 2965 270 2994 eo
281 2954 293 2991 ?
305 2948 326 3006 st
335 2951 424 3012 queris,
440 2952 535 3000 sr'irerrter.
567 2955 668 3014 namqui
677 2962 749 2997 cenant
759 2953 827 3006 celio,
841 2953 934 3004 condito,
947 2951 1043 3009 sermone
1052 2952 1102 2999 beo·
1109 2966 1119 3007 3

244 3012 364 3073 sequitur,
378 3028 401 3059 ιι
412 3014 499 3060 libenter
509 3029 591 3076 quoque
601 3028 677 3062 cenent.
709 3025 853 3062 comantem
870 3015 1024 3075 interrogaret
1036 3047 1044 3069 ,
1065 3014 1121 3079 quid

249 3081 329 3119 exeo?
346 3074 472 3137 (subaudi,
484 3076 594 3141 sequitur)
610 3075 733 3141 respondet
742 3076 827 3125 Lucilii
838 3077 926 3131 verbis,
939 3076 961 3134 fi
974 3080 1070 3138 queris,
1090 3078 1122 3124 lr'·

251 3136 327 3184 benter.
360 3139 483 3194 innuero,
497 3145 551 3187 diret
566 3141 684 3197 Lucilium
700 3140 738 3201 sed
755 3141 801 3186 crdo
812 3153 873 3203 caput
885 3156 955 3195 cena3
972 3140 1028 3201 quid
1042 3156 1069 3185 eet
1084 3158 1121 3196 ro,

254 3196 396 3248 {cicerone
405 3202 543 3259 interient,
560 3201 685 3253 effecerunt
698 3238 705 3259 ,
720 3219 744 3253 ut
756 3205 840 3252 Lucilii
852 3202 941 3251 versum
953 3216 1027 3250 nemo
1044 3201 1122 3251 adhuc

255 3264 387 3324 agnoverit.
420 3278 491 3325 quem
502 3265 518 3312 fi
530 3268 608 3315 metiri
617 3269 674 3316 velit
687 3299 694 3323 ,
720 3265 880 3331 pronuntiabit
890 3267 915 3312 in
930 3265 1029 3328 quintio
1046 3265 1122 3328 pede,

254 3329 322 3387 quari
334 3327 353 3371 lr'
362 3360 369 3381 ‚
386 3327 497 3383 abieiiar
511 3328 676 3388 consonante3
692 3343 718 3378 ut
734 3330 815 3395 paulli)
832 3341 901 3382 ante,
919 3330 1013 3392 Cognitu’
1028 3334 1067 3375 ιιιιΙ
1076 3329 1121 3387 fisa

255 3388 282 3435 ἃ
298 3390 427 3461 Catullus:
448 3398 487 3437 ..et
498 3392 559 3450 fixus
572 3393 648 3456 nostris
662 3408 686 3447 tu
701 3393 918 3460 dobdstpplicium,
947 3394 972 3443 bt
983 3389 1044 3454 sepe
1060 3389 1123 3455 apud

251 3453 396 3508 Lucretium.
427 3456 550 3511 P.Merrrrt.
1141 3488 1144 3493 ·

1018 3532 1058 3575 29.
1074 3524 1126 3568 Nera
