2318 3914
188 107 425 183 ,Ia-rsus
466 56 764 191 Quintus·
857 102 936 171 2861

60 223 306 300 Peripateticorum
334 217 450 295 quidem
480 216 615 294 explicata
637 216 714 277 causa
736 215 802 276 ests
838 226 942 291 praeter

66 297 311 376 Theophrastum,
330 297 360 354 &
370 294 407 364 ,fi
420 294 469 370 qui
482 295 561 358 illum
575 293 679 365 secuti,
702 289 863 353 imbecillils
878 293 945 352 hor·
1027 296 1035 313 ⁷
1076 326 1089 354 ·.

63 388 126 438 rent
158 375 285 435 dolorem
322 374 352 431 &
367 371 558 433 reformidant.
596 371 721 447 Reliquis
739 369 854 447 quidem
874 369 941 429 licet

62 456 155 515 facere
175 453 224 513 sid
237 449 316 527 quod
329 447 387 507 ferd
408 449 538 519 faciunt,
576 458 608 507 ut
633 447 797 524 gravitatem
822 445 965 530 dignita-3
979 446 1073 530 tdgleqq

62 544 179 607 temque
194 528 301 587 virtutis
315 536 490 600 exaggerent.
527 528 624 602 Quam
639 523 706 587 clm
720 523 755 584 ad
767 522 870 582 caelum
879 517 1042 582 §exantlat

65 608 194 673 tulerint,
214 603 293 680 quod
315 603 406 661 facere
428 602 592 679 eloquentes
613 601 745 663 homines
764 598 878 676 copiose
897 599 944 659 so·

64 685 138 744 lent:
158 683 266 758 reliqua
284 697 320 738 ex
341 678 490 740 collatione
511 677 607 738 facile-
628 678 667 738 est
697 688 843 738 conterere
861 689 946 813 argue

65 772 259 820 contemnere.
296 758 440 816 necerim
457 754 522 818 licet
536 756 568 815 iis
584 798 593 826 ,
612 756 662 833 qui
681 753 793 815 laudem
809 771 876 814 cum
910 774 945 813 o-

65 835 127 896 lore
140 833 290 912 petendam
305 830 359 891 effe
373 831 487 902 dicunt,
506 850 624 909 negare,
643 851 693 892 eos
707 829 760 891 effe
774 831 868 890 beatos
878 833 944 908 ,qui
1032 876 1034 881 ⁴

64 913 141 973 illam
157 911 248 987 adepti
262 911 333 970 sunt.
372 912 553 986 Quamquam
569 911 644 969 enim
662 908 714 968 lint
733 910 763 967 in
777 907 942 985 quibusdam
952 915 989 975 86

67 990 161 1049 malis:
182 1001 276 1047 tamen
290 987 347 1045 hoc
360 1004 468 1046 nomen
480 987 553 1045 beati
568 983 672 1062 hlonge
686 987 717 1044 &
729 983 784 1046 late
800 996 884 1061 patet.
948 992 965 1041 h
981 991 1058 1058 longe

106 1064 212 1125 XXXI.
232 1065 319 1123 Nau
348 1082 395 1121 ur
429 1062 583 1138 quaestuosa
615 1074 769 1122 mercatura
802 1055 1046 1122 aruduosalate'rue
1090 1123 1094 1132 ,

69 1143 155 1200 aratio
169 1142 286 1211 dicitur,
304 1158 364 1199 non
378 1140 398 1198 s1
412 1140 496 1199 altera
507 1139 616 1215 semper
631 1141 712 1199 omni
733 1137 838 1197 damno
853 1180 862 1208 ,
882 1118 1095 1232 aal·²'{⁸·l¹¹{¹¹'-
1126 1168 1143 1213 ,3

70 1231 127 1277 tera
140 1216 249 1277 iomnis
264 1216 430 1293 tempestatis
443 1216 598 1275 calamitate
611 1216 718 1291 semper
730 1226 811 1274 vacet
826 1234 834 1273 r
855 1215 901 1275 sed
920 1213 941 1273 sr
949 1195 1060 1294 {ngss
1141 1214 1150 1231 ’

70 1295 161 1354 rirulto
176 1296 283 1367 majore
294 1312 329 1352 ex
345 1305 420 1369 parte
434 1293 541 1351 ¹¹erstat
555 1294 584 1351 in
605 1291 719 1368 utrique
738 1291 876 1352 felicitas:
904 1290 957 1356 fici
972 1309 1043 1360 omni
1059 1281 1071 1310 ⁸

56 1372 145 1441 rita,
163 1390 225 1432 non
244 1370 332 1430 solum
355 1369 376 1429 fi
396 1369 520 1445 undique
539 1370 639 1429 referta
666 1368 745 1427 bonis
764 1366 825 1437 est,
852 1367 899 1433 ¹sed
920 1367 1020 1426 firmi.

69 1449 161 1507 multo
176 1449 283 1523 majore
303 1449 334 1507 δε
353 1448 479 1522 graviore
495 1463 530 1504 ex
556 1457 632 1521 parte
654 1444 728 1504 bona
749 1444 941 1519 propendent,
980 1459 1005 1507 u.
1026 1460 1057 1510 rs

71 1524 151 1584 beata
164 1524 237 1584 reete
251 1526 306 1584 dici
320 1523 416 1599 potest.
457 1533 484 1565 ¹0
493 1523 628 1599 Sequetur
641 1522 722 1598 igitur
745 1521 886 1580 bonorum
902 1538 944 1579 ra·
953 1516 988 1590 87

72 1602 150 1660 tione
166 1602 212 1660 vel
226 1602 261 1662 ad
281 1600 442 1677 supplicium
466 1599 546 1658 beata
566 1601 623 1658 vita
643 1600 774 1657 virtutem
790 1638 800 1667 ,
819 1593 969 1674 cumquek
981 1595 1057 1672 ,5¹stoe

71 1695 105 1737 ea
119 1677 268 1738 descendet
279 1680 308 1736 in
321 1691 448 1746 taurum,
468 1675 633 1745 Aristotele,
652 1675 834 1744 Xenocrate,
856 1661 1001 1749 Sper-⁶²¹¹·
1085 1690 1089 1696 ·

70 1754 166 1830 lippo,
185 1755 341 1813 Polemone
355 1751 527 1821 auctoribus,
548 1769 601 1809 nec
616 1750 692 1810 earn¹
702 1752 823 1809 minimis
836 1749 958 1810 blandi-1
974 1753 1054 1805 minus

71 1832 173 1888 mentis
201 1841 330 1903 corrupta
357 1827 469 1886 deleret.
514 1827 613 1887 eadem
640 1837 662 1869 ¹¹¹
678 1827 857 1901 Calliphontis
893 1821 1073 1893 erit²⁰tfl‘⁶²!·

70 1905 248 1981 Diodorique
261 1903 393 1964 sententia
411 1923 418 1961 :
436 1919 557 1979 quorum
577 1918 694 1980 uterque
713 1903 886 1962 honestatem
907 1882 1086 1992 srcnssocilffl‘..

71 1981 282 2057 complectitur,
301 1992 333 2040 ut
346 1980 459 2050 omnia,
479 1997 544 2054 quae
566 1980 622 2039 fine
645 1997 679 2039 ea
692 1978 772 2047 smt,
805 1978 891 2054 longe
916 1957 967 2039 &¹²
1002 1959 1038 1994 ⁰¹⁸
1067 1965 1094 1999 ¹⁸·

73 2055 293 2134 retro'ponenda
306 2056 422 2116 censeat.
459 2056 571 2133 Reliqui
585 2056 706 2114 ¹¹habere
720 2055 747 2114 se
761 2056 971 2125 videntur-anso
986 2057 1052 2106 enim

71 2131 186 2208 gustihs:
207 2147 318 2194 enatant
330 2147 441 2193 tamen:
462 2133 619 2208 Epicurus,
639 2134 856 2208 Hieronymus,
877 2135 907 2192 &
926 2117 1087 2192 fih2b·M⁸·¹

74 2213 124 2285 qui
140 2213 218 2280 sunt,
231 2223 255 2252 ¹¹
265 2212 313 2289 qui
327 2211 455 2270 disertum
463 2209 541 2269 illum
558 2209 729 2269 Carneadem
744 2220 841 2268 curent
854 2208 953 2269 defen-

72 2285 147 2347 dere.
186 2305 273 2347 nemo
290 2287 328 2346 est
342 2288 436 2358 enim,
456 2288 527 2363 ⁰qui
541 2304 638 2346 eorum
662 2286 802 2344 bonorum
818 2286 943 2347 animum
955 2307 972 2342 ο
988 2294 1046 2358 quin

72 2373 155 2421 anon
170 2378 247 2438 putat
266 2364 388 2445 judicem
404 2407 414 2434 ,
440 2381 564 2440 eumque
587 2361 799 2423 condocenciat
814 2404 823 2430 ,
841 2376 873 2423 ut
886 2381 919 2423 ea
934 2360 1028 2434 ‚Lama

72 2456 138 2516 quae
153 2440 226 2501 bona
239 2441 348 2500 malave
361 2441 524 2511 videantur,
543 2439 623 2518 poilit
637 2451 828 2500 contemnere.
951 2421 1080 2546 {Ifssffi

867 2517 943 2578 Nam
955 2543 1001 2597 elle
1009 2545 1060 2611 jud.

103 2718 127 2756 9.
143 2707 226 2753 Altera
237 2707 302 2755 omnis
313 2706 439 2768 tempestatis
452 2705 575 2752 calamitate
580 2703 661 2768 seraper
669 2711 749 2763 neren]
764 2708 850 2768 Longe
860 2706 946 2756 melius

73 2765 161 2879 lffitur
183 2769 208 2816 iu
223 2769 403 2834 manuscripto,
418 2771 490 2826 omni,
504 2782 548 2832 pro
561 2770 628 2815 omnis
643 2801 651 2826 ,
673 2771 699 2818 dc
714 2781 798 2824 vuar,
820 2783 864 2832 pro
878 2783 948 2822 vam.

130 2845 154 2881 n.

111 2907 148 2943 10.
163 2896 269 2956 Sequatur
282 2897 348 2958 igitur
362 2897 461 2943 bonorum
476 2907 557 2943 ratem
574 2897 612 2942 uel
627 2894 656 2941 ad
672 2892 803 2958 supplicium
820 2895 882 2944 beau
895 2896 947 2943 viu
1006 2908 1008 2915 ·

73 2957 201 3015 virtutem]
213 2961 246 3005 Ut
256 2959 366 3007 indicavit
379 2959 488 3008 schottus
498 2956 628 3024 legendum
646 2956 734 3006 habent
750 2970 855 3068 ¹atroque
871 2959 946 3007 Palae.
1012 3000 1017 3007 .

73 3033 109 3083 pr.
115 3019 194 3084 quint.
205 3021 270 3069 Fabr,
283 3023 339 3071 Pali.
351 3019 394 3071 sec.
405 3035 544 3085 remquam.
555 3025 666 3077 honarum,
684 3019 749 3069 tenui
778 3034 821 3069 mo
832 3018 948 3070 dil'crimi·

75 3096 115 3132 ne.
137 3083 226 3146 vulgo,
241 3087 322 3134 aarum.
339 3083 458 3134 Gebhard.
475 3085 594 3145 Bentleius
604 3081 879 3149 vulgatamleetionsm,
895 3097 948 3148 qn:
1011 3082 1018 3097 ⁸

58 3174 62 3183 ·
77 3144 187 3202 exhibet,
199 3150 288 3204 borum,
299 3162 439 3212 propugnat.
769 3171 772 3177 ¹

75 3207 947 3339 athah‘llllll‘hh‘zlt‘lln“'rlt‘fllt1‘·lilia*itt?

73 3332 161 3381 stanter
172 3336 197 3384 dr
212 3337 301 3400 liquide
315 3337 547 3402 repraesentantium:
578 3353 621 3388 nec
637 3348 703 3401 putat
719 3337 759 3386 c-l.
771 3307 883 3386 (inuersa
898 3351 947 3385 no·

75 3393 207 3519 gannim
221 3397 330 3467 scripfille
344 3401 460 3460 Tullium,
483 3402 590 3454 Gomara.
623 3399 826 3468 Desertamplacet
847 3412 946 3465 quoque

148 3473 195 3526 eqo.

843 3540 879 3575 ra.
895 3522 946 3588 Qui
1020 3584 1026 3599 Ι
