2318 3914
231 90 326 173 ,2820
387 56 1002 167 Tuscr‘rr.Drsrurarrouuu

98 227 116 263 ο
130 208 226 288 sedboc
246 203 382 281 quantbm
397 221 489 263 amet:
508 201 577 262 “sed
591 202 627 263 de
640 203 721 274 boc,
740 205 818 293 quod
839 204 912 265 mibi
931 202 993 263 dixi
1012 200 1112 273 videri}
1141 216 1145 231 ¹

99 278 152 323 ⁴1¹¹·
248 282 331 359 quale
345 280 393 340 sit:
413 280 473 339 nde
486 298 545 358 quo
559 278 576 338 a
590 291 620 339 te
633 278 763 357 disputan
776 281 854 342 volo.
887 282 933 340 M.
949 280 1065 355 Nempe
1075 295 1113 338 ue·

99 337 162 447 94⁶⁶
173 334 229 450 ξολ
249 375 297 434 gas
309 358 345 417 ad
358 356 438 418 beate
451 356 605 417 vivendum
618 352 679 416 saris
698 354 775 434 poffe
788 355 943 419 virtutem?
964 356 1003 444 A
1017 354 1113 417 Proriu
1132 346 1138 377 ¹

101 418 192 457 ’Μ’
249 451 335 511 nego.
375 437 419 493 M.
431 431 531 517 Quid?
551 431 587 505 ad
600 431 692 503 redte,
711 434 845 507 honeste,
860 432 1056 501 laudabiliter,
1074 448 1114 508 po
1140 446 1147 481 ε

147 556 152 569 .
233 564 236 571 .
251 510 354 571 stremb
368 510 403 570 ad
416 511 488 569 bene
502 506 657 569 vivendum
669 511 766 570 satisne
780 512 819 571 est
831 509 951 587 praelidii
963 510 995 569 in
1010 506 1114 569 virtute?
1142 533 1148 551 ·

251 589 289 647 A.
305 586 389 647 Certe
407 586 476 646 satir.
515 587 558 645 M.
579 586 662 646 Potes
680 587 779 663 igitur,
798 600 846 647 aut
867 587 917 664 qui
937 583 1016 645 male
1031 586 1118 653 vivat,

251 682 311 724 nou
326 681 392 722 eum
406 663 536 723 miserum
557 661 674 733 dicere,
700 676 773 734 aut,
791 683 877 741 quem
899 664 975 722 bene
999 662 1117 731 fateare,

253 758 319 799 eum
333 757 434 815 negare
448 738 527 798 beate
542 737 706 809 viuereiA.
714 742 822 816 Quidni
836 740 937 816 possim
946 736 959 797 ἓ
968 739 1117 799 nametitut

249 817 281 875 in
294 821 441 876 tormentis
452 815 545 889 redii,
559 814 689 886 honesti,
707 817 920 877 laudabiliter&
935 815 976 874 ob
990 833 1056 875 earn
1069 830 1118 873 rem

252 892 325 951 bene
346 895 404 952 vivi
415 893 528 970 potest,
547 893 707 953 dummodo
727 895 860 970 intelligas
875 934 886 962 ,
902 891 975 968 quid
998 908 1076 951 nunc
1087 890 1119 949 di-
1145 934 1148 939 -

252 986 319 1105 qam
331 970 410 1030 bene.
436 971 502 1030 dico
515 968 610 1039 enim,
629 970 801 1042 constanter,
818 969 958 1046 graviter,
976 966 1118 1046 sapienter,
1146 972 1150 981 '

266 1058 371 1107 ortrter.
1155 1060 1158 1073 ·

210 1138 243 1204 1³
252 1122 560 1274 ᾒοῗῗιίςῖρῗῐξίἳειιῑῖὼ
575 1123 944 1278 ffugirffigictffljilciglztuug
954 1118 1118 1258 beililubvivti1²
1155 1120 1158 1125 Ι

251 1275 370 1350 quaeso,
397 1276 558 1353 relinquitur
577 1292 653 1339 extra
676 1278 776 1338 ostium
807 1278 954 1350 limenque
989 1238 1118 1358 carceris}

250 1348 315 1410 clun
337 1352 512 1424 constantin,
537 1356 676 1431 gravitas,
703 1353 862 1421 fortitudo,
899 1351 1038 1427 sapientia
1068 1349 1119 1409 relt-

251 1445 373 1505 quaeque
389 1431 500 1489 virtutes
514 1434 650 1505 rapiantur
664 1430 700 1490 ad
720 1443 858 1489 tortorem
874 1470 884 1498 ,
903 1427 1074 1505 nullumque
1084 1443 1119 1485 te·

254 1506 349 1564 cusent
361 1524 415 1565 nec
426 1506 605 1582 supplicium,
625 1524 679 1567 nec
700 1505 828 1566 dolorem
848 1503 861 1564 ἓ
880 1505 920 1565 A.
933 1504 1008 1575 Tu,
1027 1501 1117 1580 liquid

102 1584 207 1646 emini—
255 1599 283 1640 es
297 1582 433 1651 fodorus,
452 1600 528 1643 nova
550 1583 640 1659 aliqua
660 1583 807 1659 conquiras
827 1594 952 1658 oportet.
994 1582 1048 1640 llia
1060 1592 1117 1638 rme

104 1661 223 1756 mameae,
256 1657 372 1717 minime
387 1671 522 1729 movent,
542 1677 601 1719 nou
616 1659 703 1719 solum
720 1660 785 1735 quia
797 1660 958 1735 pervulgata
970 1657 1037 1719 sunt
1052 1700 1063 1728 ,
1078 1654 1116 1715 led
1152 1674 1156 1691 ¹

103 1725 187 1761 Μ’
205 1718 230 1760 ὁ·
256 1735 346 1793 multo
361 1735 464 1811 magia,
484 1737 566 1813 quia,
584 1750 729 1814 tamquam
741 1736 813 1795 leuia
826 1735 957 1812 quaedam
972 1738 1042 1795 vina
1062 1731 1118 1793 nihil
1152 1723 1156 1765 ³

255 1810 390 1871 valentin
405 1830 494 1888 aqua,
513 1812 550 1873 fic
564 1813 723 1872 Stoicorum
737 1812 784 1871 ista
798 1813 886 1888 magis
907 1813 1017 1888 gustata
1041 1807 1116 1889 quim

104 1899 367 1963 :potanturpotata
397 1888 542 1949 deleeiant.
580 1890 667 1949 Velut
698 1890 747 1950 iiie
781 1889 882 1948 chorus
908 1890 1049 1963 uirtutum
1069 1886 1115 1956 ‚in

256 1963 405 2040 equuleum
427 1966 569 2040 impolitus
584 2010 593 2036 ,
611 1967 745 2043 imagines
773 1964 914 2029 constituit
941 1978 1009 2026 ante
1030 1962 1116 2023 oculos

251 2059 322 2099 eum
337 2030 499 2115 ampliffima
512 2044 662 2118 dignitate,
681 2054 712 2101 ut
733 2040 768 2101 ad
782 2059 827 2101 eas
840 2040 942 2101 curfim
960 2038 1116 2117 petredium,

256 2135 310 2175 nec
325 2135 369 2176 eas
383 2120 461 2176 beata
475 2120 561 2178 vitai
581 2119 608 2177 se
628 2117 743 2178 desertas
762 2114 866 2194 paffura
885 2117 1025 2178 videatur.
1061 2114 1116 2175 cim

256 2207 349 2253 autem
372 2196 497 2253 animum
519 2195 552 2251 ab
572 2195 617 2253 ista
649 2195 752 2270 pidum
793 2193 1018 2270 imaginibusque
1045 2194 1119 2251 virtu·
1148 2206 1158 2265 ,ι

108 2276 247 2326 locutu.
256 2282 318 2330 tum
344 2269 380 2328 ad
403 2287 465 2329 rem
497 2272 699 2348 veritatemque
726 2269 900 2341 traduxeris,
933 2271 994 2329 hoc
1020 2268 1118 2331 nudum

1084 2361 1121 2404 re·

287 2508 323 2549 18.
340 2506 366 2547 ln
375 2492 489 2565 equt'tlmm
503 2504 663 2560 coniiciuntur]
678 2498 798 2563 equuleus
811 2496 1068 2565 tomrentigenueest,
1078 2508 1120 2560 φῦ

255 2563 366 2612 homiues
385 2564 539 2613 cruciabiliter
555 2575 703 2627 torquentur.
735 2562 767 2610 de
787 2578 838 2626 quo
858 2564 939 2612 erebra
955 2564 1052 2612 mentio
1065 2559 1119 2625 apul

185 2666 189 2673 .
256 2627 378 2683 eruditos,
394 2627 425 2676 de
434 2640 483 2692 quo
495 2627 600 2676 Valerius
613 2626 663 2675 ste:
685 2630 756 2690 Rupit
770 2628 878 2682 valera,
899 2627 1009 2687 fidiculas
1024 2627 1119 2680 laevir,

251 2691 324 2752 soluit
332 2692 462 2752 equuleum,
476 2691 569 2738 laninas
579 2691 687 2751 exstinxit.
720 2694 797 2738 leem:
814 2694 898 2737 wat·
914 2693 1006 2752 equote·
1018 2688 1121 2753 postqum

258 2754 344 2815 infidit't
369 2768 507 2817 oportunum
523 2765 603 2816 tempas
622 2752 778 2801 animadvertit
794 2786 802 2805 ,
831 2770 906 2800 mem
925 2756 971 2814 ejus
989 2752 1064 2808 morsu
1084 2768 1124 2798 m·

257 2822 334 2882 ripule.
351 2767 446 2877 Lissav,
462 2817 492 2865 de
503 2817 553 2866 Fiu.
571 2815 604 2866 fic
617 2815 727 2880 scriptum
742 2816 863 2880 legimusr
892 2816 968 2873 Necfi
984 2818 1026 2863 ille
1042 2817 1123 2878 sapim

257 2885 287 2929 ad
303 2886 389 2930 tortoris
399 2884 512 2948 equuleum
521 2883 536 2926 ai
545 2893 635 2941 tyranno
644 2883 677 2926 ire
687 2892 790 2942 cogetur,
801 2878 897 2938 Μαι
912 2880 989 2926 orem
1001 2880 1091 2927 velem
1103 2890 1124 2925 et

256 2944 275 3002 fi
290 2946 409 3008 ampullam
424 2943 554 3008 perdidtffit.
583 2947 666 3005 ltaque
690 2940 782 2996 fortia,
802 2942 916 3006 sapiens,
942 2941 1076 2997 constane,
1100 2941 1124 2989 in

258 3009 386 3069 equuleum
402 3007 564 3073 ingredietur:
585 3007 633 3054 vita
648 3006 717 3054 beara
734 3018 785 3053 nou
799 3005 924 3062 introibit,
940 3005 999 3054 lieet
1013 3004 1039 3054 id
1056 3004 1125 3053 Stoici

259 3072 397 3120 convellam
413 3068 607 3119 concludunmlir
623 3069 700 3131 magis
715 3066 825 3130 captiosis
837 3066 912 3131 quim
922 3069 992 3116 veria.
1027 3070 1123 3116 beroea.

258 3141 285 3179 ln
297 3138 406 3198 equuleum
416 3138 576 3192 conjicientem]
590 3134 723 3196 equuleus,
739 3131 771 3178 ita
782 3130 870 3186 dietus,
887 3130 955 3192 qobd
967 3130 999 3179 ed
1011 3132 1070 3195 equi
1079 3130 1127 3180 for·

258 3209 325 3244 mam
336 3193 571 3252 concinuntuseffet,
586 3192 749 3243 muchinafuit
762 3193 855 3256 lignea,
870 3194 1013 3257 torquendis
1022 3193 1127 3245 bomini·

257 3256 300 3304 bus
313 3270 467 3322 comparatae
483 3257 569 3322 deque
580 3257 659 3307 erebra
669 3257 696 3305 iit
707 3269 757 3304 tam
768 3257 830 3319 apud
842 3257 957 3306 Etbnieoe
976 3257 1055 3320 quim
1067 3255 1125 3369 :ssd

258 3319 406 3371 Christianos
427 3322 526 3370 mentio.
558 3325 619 3369 Eam
634 3321 716 3368 multis
725 3317 843 3383 descripfit
860 3322 985 3370 &Gauii
1003 3322 1056 3371 ouii
1091 3320 1125 3368 io·

257 3396 358 3444 rumque
373 3383 498 3433 doctorum
514 3398 604 3433 errores
619 3383 664 3432 bac
680 3384 705 3431 iu
724 3383 857 3432 renotavit
875 3392 932 3436 Ant.
948 3388 971 3435 0
1010 3386 1081 3436 onim
1099 3380 1126 3431 de

258 3450 359 3519 Martyr.
372 3449 591 3513 cruciaremur.
607 3460 706 3515 pag.94
723 3445 790 3510 seqq.
823 3446 907 3509 Daviss
947 3470 952 3481 ι
1095 3512 1114 3557 D

1041 3526 1080 3567 ιο.
1115 3522 1125 3554 t

1113 3768 1140 3786 N
