2318 3914
225 116 323 201 32488
432 119 497 185 Dr
517 119 606 184 Fru.
627 117 727 185 Bou.
747 132 798 223 ur
818 76 938 188 m'rr.

87 237 196 291 eruco.
239 228 294 289 effe
314 242 377 308 apte
402 231 434 291 δι
453 234 667 293 accommodata
686 244 815 301 naturae,
839 248 968 307 quorum
986 247 1027 291 ex
1040 228 1118 291 *elei

87 306 138 359 ⁴⁶¹⁸·
238 307 333 366 &ione
353 309 438 368 virtus
456 310 537 386 potiit
557 309 688 369 existere.
725 308 881 368 nonenim
902 307 934 366 in
964 306 1116 367 selectione

237 384 322 442 uirtus
334 386 463 460 ponenda
478 399 551 451 erat,
571 399 603 444 ut
628 385 770 460 idipsum,
787 382 866 459 quod
885 394 948 443 erat
970 383 1114 444 bonorum

236 460 383 529 ultimum,
403 462 476 521 aliud
495 462 597 538 aliquid
616 464 777 538 acquireret.
814 477 877 519 nrm
900 461 1032 530 omnia,
1052 476 1114 537 quae

234 535 368 596 sumenda
393 556 512 613 quaeque
532 538 649 612 legenda
669 550 717 597 aut
731 535 850 612 optanda
862 534 943 604 suut,
963 535 1056 595 ineffe
1069 537 1115 595 de·

236 610 303 671 bent
316 615 346 672 in
359 614 465 673 summa
479 616 618 673 bonorum
633 656 641 684 ,
662 628 692 672 ut
712 615 733 673 is
748 656 757 682 ,
776 613 824 688 qui
843 630 906 671 mm
921 610 1046 687 adeptus
1060 612 1112 681 fir,

237 688 305 748 nihil
319 703 449 765 praeterea
463 690 604 749 desideret.
619 702 623 711 '
642 690 788 758 Videsne,
807 699 861 758 ut,
880 688 984 763 quibus
1005 690 1112 748 summe

237 763 276 821 est
289 768 318 824 in
332 767 490 843 voluptate,
510 767 679 842 perspicuum
694 766 743 835 fit,
763 764 830 841 quid
856 765 888 823 iis
902 764 1071 825 faciendum
1084 763 1113 823 fit

237 852 357 899 autnon
380 843 565 901 faciendum?
591 857 623 903 ut
643 861 730 903 nemo
751 841 872 910 dubitet,
890 857 994 899 eorum
1015 841 1111 901 omnia

87 932 103 984 y
118 913 228 965 debeam?
239 917 329 976 offitia
344 917 402 994 qud
415 918 552 994 spectare,
571 920 637 996 quid
653 921 744 994 sequi,
764 915 830 993 quud
845 917 941 990 fugere
956 916 1108 978 rdeberut.

87 982 164 1029 “m‘'-
238 992 277 1050 Sit
289 995 346 1052 hoc
359 995 487 1053 ultimum
502 996 639 1055 bonorum
650 995 744 1072 ,quod
757 1009 831 1053 nunc
846 991 862 1051 ‘a
878 1010 925 1051 me
939 991 1108 1055 defenditur.

87 1081 104 1113 2
117 1077 161 1111 ⁷⁰⁸
173 1076 213 1110 ⁸¹¹·
238 1083 349 1144 apparet
360 1070 466 1141 stetim,
486 1090 549 1146 quae
562 1072 614 1132 fint
626 1073 716 1131 officia
732 1113 741 1140 ,
760 1087 824 1145 quae
838 1068 972 1129 affloner.
1011 1070 1108 1129 ’νοῶ

87 1128 229 1183 ’ΨΜ
238 1157 349 1214 autem,
370 1149 466 1220 quibus
479 1149 545 1207 nihil
559 1150 595 1207 est
610 1150 683 1207 aliud
697 1145 866 1223 propositum
883 1188 892 1213 ‚
923 1146 988 1211 nifi,
1000 1147 1105 1207 redium

237 1233 320 1295 arque
334 1224 497 1293 honestum,
518 1227 592 1285 unde
606 1225 710 1293 officii,
729 1222 804 1282 unde
824 1223 925 1296 agendi
936 1224 1103 1300 principium

237 1297 376 1366 nascatur,
396 1319 454 1359 non
469 1302 614 1376 reperierit.

138 1413 144 1426 2
189 1398 223 1454 47
274 1372 378 1435 ⁴⁸Hoc
392 1379 473 1451 igitur
485 1380 604 1455 quaeritir
617 1396 732 1445 omues,
752 1376 835 1444 &ii,
864 1376 913 1452 qui
947 1375 1105 1452 quodcum·

236 1466 293 1584 pue
306 1452 335 1510 in
352 1466 474 1512 mentem
490 1456 605 1524 veniat,
625 1470 673 1512 rut
687 1454 887 1530 quodcumque
907 1463 1060 1520 occurrat,
1077 1452 1103 1509 se

248 1529 311 1602 equi
326 1528 433 1587 dicent:
453 1532 519 1588 49&
534 1549 584 1588 vos
597 1531 631 1588 ad
645 1543 770 1588 naturam
791 1529 972 1597 revertimini.
1009 1528 1104 1603 quibus

236 1617 332 1661 natura
341 1606 403 1678 jure
417 1606 600 1681 responderit,
619 1624 677 1664 nou
692 1603 745 1664 effe
758 1623 856 1664 uerum
872 1646 881 1673 ,
900 1601 1101 1664 aliundefinem

134 1730 138 1737 .
236 1678 316 1737 beare
336 1682 472 1757 vivendi,
499 1682 561 1740 ise
581 1685 712 1758 principia
732 1683 771 1740 rei
790 1680 920 1755 gerendae
941 1683 1022 1757 peti:
1048 1676 1120 1741 effe.

236 1755 312 1813 enim
327 1773 411 1815 unam
425 1760 579 1828 rationem,
599 1777 652 1834 qua
667 1761 696 1816 δε
719 1759 848 1833 principia
868 1774 963 1815 rerum
983 1756 1101 1833 agenda·

236 1846 298 1888 rum
332 1834 363 1890 &
390 1834 486 1893 ultima
512 1835 650 1894 bonorum
672 1836 877 1893 continerentur
901 1852 908 1890 ι
944 1846 1048 1910 atque,
1064 1843 1098 1890 ut

236 1907 369 1967 Aristonis
383 1909 448 1969 edet
461 1911 569 1984 explosa
584 1912 732 1978 sententia,
752 1911 891 1978 dicentis,
910 1909 981 1967 nihil
992 1906 1100 1968 differre

237 1980 309 2042 aliud
324 1986 357 2042 ab
376 1988 430 2046 alio
446 2031 455 2056 ,
474 2006 527 2046 nec
548 1987 601 2055 effe
622 2006 663 2045 res
684 1989 748 2046 ullas
765 2030 773 2054 ,
792 1999 891 2061 praetcr
919 1987 1035 2044 virtuter
1070 1986 1102 2044 δι

87 2077 113 2126 r.
129 2074 225 2123 cxvlu
237 2061 318 2128 vitia,
337 2064 408 2121 inter
420 2081 485 2139 quas
499 2064 649 2140 quidquam
664 2065 784 2121 omnino
798 2058 934 2121 interesset
949 2104 959 2131 ,
979 2060 1017 2120 fic
1031 2078 1103 2121 etm-

237 2153 266 2193 re
279 2137 444 2205 Zenonem,
463 2142 511 2216 qui
526 2142 599 2199 nuile
613 2142 642 2198 in
656 2157 702 2208 re,
723 2139 771 2198 nisr
786 2141 817 2199 in
834 2142 934 2196 virtute
959 2150 1007 2197 aut
1019 2138 1102 2210 vitio,

130 2262 154 2314 ff
186 2264 215 2312 I„
236 2214 468 2288 propensronem,
488 2234 524 2274 ne
538 2218 647 2274 minimi
661 2216 774 2291 quidem
789 2215 954 2282 momenti,
974 2213 1010 2273 ad
1029 2214 1104 2274 sum-

86 2280 213 2378 :Jhm
238 2306 316 2347 mum
330 2290 434 2349 bonum
449 2291 650 2365 adipiscendum
666 2291 739 2351 ²eiie
761 2293 886 2351 diceret:
908 2290 961 2358 &,
981 2289 1050 2350 crim
1070 2290 1106 2352 ad

86 2363 216 2441 Mutem'
236 2364 343 2422 beatam
367 2368 451 2425 vitam
473 2368 578 2426 nullum
601 2383 778 2427 momentum
799 2386 831 2426 er
851 2385 893 2425 res
913 2366 1051 2437 haberet,
1071 2367 1107 2428 ad

87 2456 165 2504 Lami.
237 2443 433 2515 appetitionem
448 2444 561 2502 bautem
584 2464 675 2503 rerum
702 2443 754 2502 eise
768 2446 797 2502 in
812 2445 852 2502 his
866 2456 1012 2501 momenta
1030 2444 1107 2503 dice·

85 2516 149 2568 ure.
237 2530 301 2575 ret:
328 2519 402 2593 qursr
424 2519 490 2578 vero
512 2521 572 2579 haee
599 2523 730 2599 appetitio
759 2538 816 2579 non
844 2520 879 2577 ad
906 2518 1007 2577 summi
1036 2520 1104 2580 boni

188 2578 225 2654 48
234 2592 412 2677 adeptionem
433 2598 589 2672 pertineret.
627 2597 704 2674 Quid
726 2596 819 2656 adrem
839 2593 929 2654 minus
959 2595 1105 2655 consenta-

1013 2690 1104 2735 neum

267 2821 305 2870 48.
323 2819 367 2862 Her
376 2816 443 2875 igitur
450 2814 545 2878 queritis
556 2829 637 2870 omnes,
653 2813 679 2866 dr
690 2815 723 2871 ii,
737 2816 777 2878 qui
786 2814 844 2872 dre]
858 2809 1016 2876 Legendum,
1032 2825 1059 2860 ut
1068 2814 1104 2872 ii,

250 2880 276 2923 ui
285 2881 331 2930 mc.
362 2876 437 2926 Uriin.
478 2890 482 2898 '

234 2891 250 2939 9
267 2957 305 2998 49.
322 2946 351 2989 Et
361 2957 399 2985 ves
408 2942 437 2985 ad
447 2954 545 2987 naturam
557 2942 713 2997 revertemini]
725 2935 889 2993 LibetTettii‚
899 2939 939 2997 fed
947 2956 987 2987 ver
998 2941 1031 2986 ad
1039 2952 1107 2988 new

236 3018 285 3048 ram
296 3005 444 3056 reverrimini,
460 3004 524 3065 quod
537 3004 620 3067 placer.
637 3002 737 3063 sequitur
746 3001 809 3048 enim
821 3000 902 3062 paullo
912 3000 976 3064 poste
993 3005 1055 3064 quoa
1062 3020 1105 3051 ee·

235 3078 279 3111 tem
290 3070 362 3113 minus
370 3068 523 3125 consentaneum
534 3066 562 3128 est
571 3066 639 3129 quim
649 3067 705 3128 quod
714 3068 791 3124 arium,
808 3066 886 3124 cognite
895 3065 980 3124 summe
990 3066 1056 3123 bem,
1070 3083 1106 3113 re·

235 3132 296 3173 vern·
303 3129 472 3188 [indenturam
484 3164 490 3186 ‚
506 3143 530 3176 ut
540 3130 566 3175 ab
576 3147 600 3175 ea
608 3141 680 3190 petent
689 3128 765 3188 agendi
773 3129 902 3189 principium
914 3161 921 3184 ,
938 3129 962 3173 id
976 3127 1006 3186 est
1016 3129 1104 3191 officie?

235 3191 261 3238 1³.
269 3194 362 3239 Minue.
379 3195 408 3238 Et
419 3209 458 3238 vos
467 3194 496 3237 ad
507 3205 607 3239 naturam
619 3194 775 3248 revertimini]
792 3197 826 3236 lta
837 3187 909 3237 edidit
920 3190 1046 3243 Vistorius.
1063 3189 1105 3241 sed

232 3253 556 3314 priores‚itemposteriores.
572 3257 722 3311 revertemini,
738 3252 821 3316 quibus
828 3252 976 3301 consentiunt
982 3252 1033 3305 ferd
1043 3254 1104 3305 reu.

73 3344 76 3351 ·
160 3364 162 3369 ,
230 3328 287 3361 uam
299 3314 428 3364 admodum
438 3316 559 3367 licentiose
569 3318 710 3374 Lambinus,
723 3318 851 3378 &ves,qui
860 3316 890 3362 ad
899 3329 1001 3364 murm
1009 3320 1104 3366 reveni-

229 3379 301 3488 gne,
311 3382 336 3428 P.
349 3380 469 3429 Manutius
478 3381 537 3430 eruit
548 3380 562 3431 ‘e
575 3381 650 3432 Tertii
661 3379 737 3432 li'oro:
752 3379 796 3430 red
807 3395 846 3428 ves
856 3381 886 3428 ed
896 3391 942 3432 ret.
954 3381 1099 3430 mmm.

255 3452 324 3492 mer·

177 3508 181 3515 '
983 3521 1021 3566 50·
1036 3510 1104 3575 omne
