2318 3914
243 118 324 203 2836
391 119 997 203 TuscumDrsrorarrouum

93 270 108 305 e
122 236 204 320 pamm
240 239 270 297 ir
279 236 394 305 dicitur,
413 236 473 295 non
487 236 535 313 qui
548 236 647 295 leuiter
661 246 770 306 nocet,
787 234 834 296 sed
854 238 904 315 qui
925 239 996 299 nihil
1009 251 1104 302 nocet:

93 322 143 367 atii.
232 313 280 375 'src
294 313 353 373 fine
366 326 444 372 mmo
459 315 480 372 is
502 313 643 372 habendus
665 313 727 384 est,
746 321 842 373 alnon
860 315 911 391 qui
933 326 1040 393 aparva
1058 335 1106 376 me·

93 380 185 455 f⁰3¹¹¹¹³
242 393 312 462 tuit,
332 390 376 450 sed
391 392 439 468 qui
460 389 596 448 somnino
610 403 689 450 metu
703 400 794 449 vacat·
827 408 892 468 quae
915 390 955 450 est
975 395 1106 453 enimalia
1139 430 1144 469 3

93 459 146 555 ‘md'
159 441 234 552 Ψ·
242 467 396 536 fortitudo,
415 467 468 525 nili
478 467 564 524 animi
578 465 689 528 affedio
704 468 769 525 ciam
783 468 814 527 in
835 466 968 527 adeundo
984 471 1105 545 periculo

142 539 150 555 ⁰
188 541 195 556 '
243 546 274 605 bt
294 547 323 605 in
345 544 437 604 labore
456 560 489 602 ac
508 542 606 602 dolore
621 545 756 620 patiens,
780 555 843 603 tum
866 545 966 625 procul
979 546 1016 606 ab
1039 549 1106 609 omui
1133 556 1138 563 '

198 650 201 655 Δ
243 619 343 681 metu?
449 646 453 655 ·
541 663 546 671 -

216 736 232 783 2
247 686 254 707 '
278 699 373 774 Atque
388 697 450 756 haec
464 695 539 755 certe
552 714 613 756 non
629 697 667 755 ita
682 696 709 755 se
724 695 872 765 haberent,
892 696 945 756 nili
959 715 1052 758 omne
1067 699 1108 759 bo·

197 737 213 794 ⁴
241 792 312 837 num
338 777 372 833 in'
389 792 443 832 una
470 774 613 832 honestate
640 772 804 832 conlisteret.
841 773 905 848 Qul
926 788 1026 835 autem
1046 777 1108 835 illam

242 850 366 913 maxime
389 862 512 926 optatam
547 852 577 909 bt
606 850 763 926 expeditam
782 849 957 909 securitatem
981 852 1110 926 (securin-

243 941 302 988 tem
317 940 410 987 autem
432 944 507 985 nune
529 928 663 1002 appello,
690 927 856 985 vacuitatem
881 928 1110 1002 aegritudinis,in

243 1023 300 1084 qua
314 1006 369 1063 vita
382 1004 460 1063 beata
475 1003 560 1078 posita
575 1004 623 1074 eil]
642 1003 744 1064 habere
765 1004 912 1080 quisquam
936 1005 1055 1080 potest,
1073 1007 1110 1064 cui
1143 1036 1150 1087 ·;

244 1094 293 1141 aut
313 1080 403 1148 adsit,
427 1094 484 1139 aut·
496 1077 584 1138 adelle
604 1081 685 1157 poffit
705 1079 855 1140 multitudo
868 1080 1023 1141 malorum
1038 1081 1051 1140 ὲ
1068 1082 1111 1158 qul

245 1171 339 1217 autem
355 1154 651 1232 permetientes,
671 1156 830 1228 streete,
857 1158 888 1216 ὃ(
908 1175 960 1228 ea,
983 1177 1051 1238 quae
1067 1160 1112 1218 ho·

246 1235 316 1293 mini
332 1233 456 1291 accidere
470 1230 604 1308 poliunt,
624 1233 724 1309 omnia·
741 1250 823 1308 parva
843 1233 975 1308 ducens,
1008 1235 1109 1314 qualem

128 1310 394 1385 bonafibtsapientem
411 1305 465 1367 elle
486 1309 640 1379 volumus,
667 1308 718 1369 nili
732 1310 828 1368 omnia
842 1309 911 1369 tsrbi
932 1311 963 1369 in
985 1311 1014 1370 se
1035 1311 1111 1388 polita

92 1396 150 1439 MS.
179 1390 220 1440 fibi
249 1384 389 1447 censebit?
408 1403 444 1445 an
459 1385 671 1444 Lacedaemonii
684 1386 811 1462 Philippo
831 1387 972 1446 minitanti
988 1406 1038 1464 per
1050 1388 1112 1448 litte·

98 1454 152 1527 Μ’
163 1458 186 1500 ””
247 1482 305 1534 ras,
325 1462 479 1532 scomma,
498 1480 563 1539 quae
584 1474 751 1521 conarentur
765 1463 1000 1538 ‚prohibiturum
1016 1507 1026 1536 ,
1044 1483 1113 1542 quae·

99 1518 143 1571 ψ’
154 1519 206 1568 MS·
248 1540 388 1610 fluerunt,
407 1556 477 1601 num
490 1539 517 1597 se
531 1534 597 1597 elset
611 1539 695 1596 etiam
711 1540 784 1596 mori
798 1539 985 1613 prohibiturus
1001 1560 1008 1600 :
1030 1542 1113 1612 viris,

247 1634 334 1693 quem
349 1614 517 1692 quaerimus,
531 1630 590 1673 non
604 1613 694 1673 multo
709 1613 813 1674 facilius
827 1616 875 1674 tali
888 1617 989 1676 animo
1003 1619 1113 1694 repetie-

245 1705 291 1751 tur
308 1691 394 1768 quam
409 1692 503 1750 civitas
515 1688 661 1759 univerb?
681 1689 748 1766 quid
762 1689 797 1748 ad
810 1692 881 1750 hanc
905 1693 1114 1764 fortitudinem,
1144 1704 1147 1741 ῑ

247 1769 284 1827 de
297 1785 350 1844 qua
365 1768 524 1845 loquimur,
542 1767 724 1842 temperantia
739 1767 885 1842 adjuncta,
913 1786 959 1828 uae
975 1769 1009 1829 sat
1023 1770 1114 1830 mode·

248 1847 330 1904 tutrix
345 1848 473 1904 omnium
487 1841 738 1903 commotionum?
755 1844 822 1920 quid
837 1855 904 1919 pote
936 1845 975 1904 ad
989 1846 1069 1907 beate
1079 1848 1114 1906 ti·

249 1922 373 1981 vendum
389 1918 478 1981 deelle
491 1923 535 1992 ei,
555 1939 641 1998 quern
655 1920 790 1979 fortitudo
812 1919 845 1978 ab
867 1922 1035 1997 aegritudine
1061 1923 1113 1983 &i

248 2014 328 2057 metu
342 1999 479 2059 vindicet:
499 1998 680 2073 temperantia
694 2010 755 2055 turn
768 1996 784 2055 ‘a
798 1996 912 2056 libidine
925 2014 1048 2070 avocet,
1061 2013 1114 2059 tum

248 2075 376 2135 insolenti
389 2074 525 2134 alacritate
546 2075 642 2150 gestire
656 2092 717 2135 non
731 2072 798 2132 finat
813 2071 826 2130 ἔ
845 2073 921 2132 Haec
941 2075 1055 2137 efficere
1069 2077 1116 2135 vit-

248 2162 338 2241 tutem
359 2151 532 2210 ostenderem
552 2193 563 2222 ,
582 2149 632 2211 ntfi
657 2149 835 2226 superioribus
854 2149 950 2211 diebus
970 2150 1058 2215 effeut
1076 2170 1116 2212 ex·
1150 2164 1156 2193 -·

206 2229 356 2391 Rutilae:
370 2302 420 2365 ΒΑ
431 2322 525 2373 nour
540 2301 606 2363 clun
630 2282 845 2378 perturbationes
866 2305 951 2364 animi
969 2303 1116 2375 {miseram

102 2392 120 2445 b
137 2394 170 2441 at
181 2405 243 2453 que·
252 2377 405 2439 sedationes
424 2393 516 2439 autem
551 2382 638 2439 vitam
659 2379 778 2438 efficiant
814 2381 944 2464 beatam:
965 2383 1118 2461 duplexque

103 2469 196 2518 cunque
254 2456 323 2514 ratio
338 2455 547 2533 perturbationis
563 2454 612 2525 fit,
650 2454 728 2532 qubd
758 2456 892 2532 aegritudo
919 2459 949 2517 ὃ(
964 2473 1059 2521 metus
1094 2461 1117 2519 in

103 2519 226 2627 2⁸¹³:s²'¹.fi⁹·
255 2532 332 2593 malis
347 2551 366 2590 o
387 2533 481 2598 inatis;
501 2535 529 2590 in
551 2532 700 2591 bonorum'
714 2542 807 2591 autem
827 2551 919 2593 errore
944 2534 1045 2597 laetitia
1079 2555 1119 2614 ge·

104 2593 246 2690 ‚Migrenum
255 2607 334 2667 lliens
364 2551 505 2682 fibidoque
543 2609 726 2668 lversentur:
754 2607 834 2667 lcum
855 2609 1039 2691 haecomnia
1062 2632 1119 2675 curu

104 2705 122 2755 ιι
137 2678 236 2754 versetur
257 2684 372 2743 consilio
399 2685 428 2743 δε
451 2684 558 2743 ratiooe
572 2697 717 2761 pugnent:
737 2684 779 2743 his
791 2697 821 2744 tu
834 2697 892 2744 tam
913 2689 1044 2761 gravibus
1059 2708 1120 2750 con·

104 2771 170 2818 oete.
255 2760 445 2829 citationibus,
464 2770 583 2837 tamque
603 2760 662 2836 ipsas
676 2763 747 2820 inter
761 2760 787 2818 se
801 2759 1017 2824 diffeutientibus
1045 2779 1121 2844 atque

105 2833 185 2904 ¹⁶⁸¹?
257 2837 408 2904 distractis.
449 2854 513 2895 uem
538 2854 656 2895 vacuum
673 2880 682 2905 ‚
702 2837 847 2909 solutum,
865 2838 984 2898 liberum
1008 2843 1121 2913 videris,

106 2908 189 3002 ⁰⁰¹¹?
199 2895 232 2944 Μ·
256 2913 330 2973 lruuc
345 2853 477 2973 dubtrdbis
490 2913 602 2977 beatum
618 2911 730 2972 dicere?
750 2914 826 2990 atqui
838 2912 941 2989 sapiens
958 2917 1074 2995 semper
1092 2922 1124 2980 ita

107 2971 369 3079 ceexffinssfffflsss
391 2989 438 3048 est.
474 2989 581 3066 semper
608 2990 689 3064 igitur
715 2990 817 3066 sapiens
844 2990 938 3050 beatus
966 2995 1014 3054 cst.
1055 3000 1125 3073 atqui

101 3072 106 3085 ’
256 3067 339 3124 etiam
354 3085 441 3124 omne
457 3066 685 3125 bonumlaetabile
702 3068 760 3125 est:
798 3067 875 3141 quod
889 3081 984 3128 autem
1000 3073 1124 3144 laetabile,

255 3141 284 3211 id
298 3142 507 3225 predicandum
534 3145 564 3203 &
590 3160 648 3229 prae
668 3143 695 3208 se
715 3142 884 3206 ferendum:
904 3147 983 3222 quod
1004 3150 1061 3208 tale
1082 3170 1124 3209 au·

1003 3253 1008 3263 ·
1053 3240 1124 3301 tem,

269 3428 271 3433 ·
288 3411 326 3457 45.
341 3404 390 3448 Nun
398 3402 438 3462 qui
446 3412 517 3461 parva
529 3417 569 3447 mn
578 3403 671 3452 metat,
683 3403 723 3460 sod
732 3405 772 3463 qui
781 3405 863 3449 om'na
873 3416 934 3457 mtn
941 3413 1028 3466 vum]
1043 3409 1124 3472 ltalessl

260 3458 470 3524 enatarem,
487 3463 772 3521 caminatusdefitmn.
800 3465 877 3522 utun.
1035 3543 1067 3598 ⁴6
1090 3541 1127 3587 a
