2318 3914
258 102 339 183 2446
444 92 618 163 Du‘Fru.
640 94 740 162 Bou.
760 112 812 161 nr
833 92 951 162 Mur.

255 227 285 270 4²
294 217 390 275 ceteris
403 216 532 274 omnibus
545 212 712 290 philosophis
724 212 786 271 haec
798 212 836 273 est
851 214 959 273 tuenda
979 210 1131 292 sententia,

156 318 159 323 ·
254 292 378 351 maximi
392 307 485 351 tamen
498 294 539 350 his
553 292 670 360 Stoicis,
710 289 739 347 ui
751 288 818 348 nihil
838 290 915 360 aliud
932 291 965 349 in
986 292 1128 356 bonorum

253 386 392 437 numero,
412 368 461 426 nili
473 367 620 426 honestum
636 410 646 436 ,
666 307 720 424 effe
735 366 890 425 voluerunt.
924 366 984 427 Sed
997 371 1129 451 haecqui-

255 444 321 503 dem
343 445 381 503 est
400 445 533 520 perfacilis
567 446 596 502 &
624 441 800 519 perexpedita
821 442 958 503 delenfio.
999 449 1080 523 Quis
1097 449 1128 509 et

109 523 346 589 nxcvtllenim,
366 536 413 580 aut
427 522 487 597 quis
500 538 635 597 umquam
651 522 703 578 fuit
715 532 763 577 aut
782 518 892 578 avaritia
910 531 974 580 tam
997 525 1127 597 ardenti,

130 642 134 651 .
253 610 300 655 aut
312 612 370 656 tam
385 596 520 655 effrenatis
534 596 742 672 cupiditatibus,
761 608 792 652 ut
813 595 933 654 eandem
956 597 1040 659 illam
1055 620 1126 673 rem,

111 692 129 742 g
144 694 229 741 quam·
254 685 360 751 squam
376 674 485 748 adipisci
495 673 595 732 scelete
608 672 713 750 quovis
723 672 805 738 velit,
823 690 882 730 non
897 674 995 733 multis
1010 680 1126 752 partibus

112 756 186 806 ‘lm
197 745 332 808 minant
346 750 381 809 ad
400 749 476 818 sese,
496 751 581 808 etiam
603 749 684 808 omni
702 747 867 823 impunitate
886 751 1056 825 propofita,
1075 756 1125 817 fine

251 827 375 885 facinore
401 826 487 902 quim
508 826 555 884 illo
573 825 662 885 modo
677 822 841 900 pervenire?
1158 885 1159 904 χ

212 916 245 975 37
288 906 384 979 Quam
409 901 476 959 tero
498 901 641 961 utilitatem
661 916 709 960 aut
728 919 814 976 quem
831 901 956 962 nuttam
971 919 1122 982 petentes,

248 979 312 1037 scire
336 980 485 1054 cupimus,
504 978 571 1046 illa,
595 996 659 1056 quae
680 977 788 1036 occulta
808 978 887 1037 nobis
908 978 1001 1054 sunt,
1032 998 1064 1041 4³
1072 1004 1121 1063 quo
1158 979 1159 1016 ³

251 1070 418 1113 moveantur
443 1055 593 1131 quibusque
614 1053 747 1114 decausis
768 1072 800 1112 ea
823 1056 966 1116 versentur
977 1061 1011 1119 in
1028 1061 1121 1123 eaelo?

250 1133 310 1208 quis
325 1146 420 1191 autem
432 1145 491 1191 tam
506 1132 646 1206 agrestibus
660 1130 782 1189 institutis
796 1132 887 1201 vivit,
907 1146 960 1193 aut
974 1140 1041 1214 quis
1061 1157 1121 1199 con·

106 1220 124 1269 n
140 1212 289 1281 obdummr'a
303 1208 387 1266 studia
403 1222 507 1267 naturae
520 1224 578 1269 tam
592 1210 772 1267 vehementer
785 1207 956 1270 hobduavit
970 1254 980 1283 ,
1002 1228 1037 1274 ut
1052 1214 1069 1275 i
1082 1235 1120 1276 re-

106 1284 176 1332 namt
249 1285 298 1343 bus
312 1286 425 1360 cognitu
437 1286 523 1361 dignis
535 1288 695 1356 abhorreat,
716 1302 815 1361 easque
830 1284 888 1344 fine
907 1288 1060 1365 voluptate
1079 1306 1121 1353 aut

250 1360 364 1419 utilitate
385 1361 472 1438 aliqua
495 1380 553 1422 non
572 1365 688 1440 requirat
721 1365 751 1420 llc
770 1379 821 1436 pro
839 1361 930 1423 nihilo
952 1367 1060 1440 putet?
1078 1382 1121 1429 aut

250 1438 310 1515 quis
329 1438 383 1506 eil,
403 1442 450 1514 qui
472 1442 635 1515 majorum,
654 1450 700 1498 aut
720 1439 947 1511 Africanorum,
968 1455 1018 1503 aut
1048 1449 1118 1524 ejus,
1158 1487 1159 1504 r

119 1522 203 1573 {habes
249 1534 334 1592 quem
349 1529 380 1573 tu
392 1515 421 1572 in
435 1533 484 1574 ore
496 1516 601 1590 semper
615 1514 725 1582 ihabes,
746 1517 842 1589 proavi
865 1517 926 1575 mei
949 1532 1119 1583 ceterorum-
1158 1565 1159 1592 r

106 1587 306 1668 detstium-que
320 1594 442 1651 virorum
456 1592 569 1650 fortium
593 1604 675 1668 atque
697 1593 776 1649 omni
790 1592 891 1652 virtute
912 1596 1115 1670 praestantium,
1158 1621 1159 1628 ¹

250 1669 337 1736 sada,
357 1668 444 1785 dieta,
465 1668 573 1727 consilia
588 1667 771 1744 cognoscens,
787 1668 859 1726 nulla
875 1671 974 1731 auimo
986 1675 1115 1735 afficianu

250 1745 317 1803 volu
336 1759 407 1804 tate.
455 1791 458 1795 .

213 1829 248 1905 38
288 1765 358 1896 Qbis
378 1834 472 1880 autem
487 1821 597 1880 bonella
616 1822 645 1879 in
660 1821 762 1881 familia
779 1821 915 1882 institutus
943 1824 1111 1888 &teduca-
1158 1845 1159 1850 ¹

110 1906 290 1982 lereduttustus
302 1899 436 1973 ingenui,
456 1916 514 1956 non
530 1900 582 1973 ipsa
594 1897 780 1972 turpitudine,
799 1901 882 1958 etiam
897 1901 921 1960 si
936 1918 999 1959 eum
1015 1902 1111 1965 laesura

109 1971 160 2023 ἀπ’·
248 1993 307 2035 non
321 1976 368 2044 fit,
388 1975 623 2052 offenditur?quis
637 1974 731 2032 animo
746 1993 830 2051 aequo
844 1978 921 2036 videt
936 1994 1003 2037 eum
1012 2021 1020 2049 ,
1029 1998 1114 2069 quem

1063 2076 1114 2119 rm·

274 2208 312 2251 42,
332 2194 406 2240 Ceteris
417 2193 510 2239 omnibus
521 2192 647 2254 pbilofhphis
656 2193 697 2240 bac
707 2191 734 2251 est
743 2193 821 2238 tuenda
831 2194 959 2253 sententia,
974 2202 1072 2249 maxim
1079 2210 1112 2246 ta·

240 2272 288 2303 men
298 2259 331 2300 hit
341 2258 436 2308 Stoicis,
452 2259 492 2318 qui
501 2257 557 2300 nibil
570 2258 634 2302 alind
648 2258 672 2301 in
685 2257 782 2301 bonorum
798 2272 884 2302 numero
898 2259 944 2315 nist
954 2263 1064 2322 honesta
1077 2262 1112 2324 effe
1125 2296 1137 2319 o

240 2320 375 2374 voluerum]
388 2321 527 2379 Numquam
538 2317 635 2379 placuit,
652 2321 685 2363 lis
696 2321 792 2372 troicis,
810 2321 835 2367 δι
846 2316 974 2381 suspicatus
983 2325 1113 2389 aliquando

240 2379 292 2429 sum
305 2383 382 2426 Stoicis
395 2395 444 2427 non
454 2379 499 2429 effe
511 2381 645 2434 Ciceronis,
664 2379 702 2428 sed
713 2378 835 2437 additum,
851 2394 1047 2445 mexpouererur
1056 2388 1112 2439 illud
1155 2425 1159 2442 Ἴ,

240 2447 283 2489 his.
301 2457 362 2488 nunc
373 2457 412 2488 me
423 2441 521 2506 Philippi
532 2445 619 2496 Tertii,
635 2444 698 2497 cuius
710 2444 770 2492 inter
785 2458 869 2491 omnes
883 2446 971 2495 nostrae
988 2452 1053 2502 urbis
1062 2456 1113 2501 oia·
1158 2449 1159 2454 ’

241 2518 304 2553 tores
315 2502 424 2552 instructa
436 2508 521 2554 Grecis
533 2520 559 2552 ac
570 2507 660 2553 Latinis
670 2507 752 2554 litteris
768 2507 858 2554 eminet
873 2507 1037 2571 eloquentia,
1058 2514 1112 2564 libet

241 2570 351 2628 antiquus
369 2570 393 2613 in
410 2581 463 2614 eam
483 2569 642 2627 coniecturam
658 2566 738 2621 ducit,
754 2581 778 2615 ut
794 2572 874 2615 Stoicis
888 2572 1047 2626 retinendum
1061 2581 1112 2634 ,an

241 2629 402 2678 amovendum
413 2644 499 2692 putem.
534 2630 616 2679 mendi
625 2632 689 2678 enim
700 2628 852 2694 suspicionem
862 2634 965 2682 varinas
983 2637 1112 2690 afferte&

241 2692 274 2741 est
287 2695 310 2739 in
322 2709 351 2740 eo
363 2692 435 2747 libro,
453 2709 495 2755 pro
505 2699 551 2748 lus,
569 2699 605 2749 in,
620 2694 709 2756 dequo
725 2707 806 2741 tamen
823 2691 872 2740 fine
888 2695 1024 2749 hominum
1040 2704 1112 2753 erudi·

240 2769 321 2804 torum
331 2755 445 2804 sementia
456 2758 514 2804 nihil
527 2756 610 2806 statuo.
644 2755 735 2816 probati
746 2771 825 2804 autem
841 2770 887 2811 ea,
907 2773 961 2820 quae
976 2762 1111 2823 scribimus,

240 2816 322 2873 abiis,
339 2834 440 2881 quorum
451 2823 557 2874 animus,
574 2819 640 2866 nulla
654 2817 765 2876 invidia,
783 2819 847 2866 nulla
864 2821 1049 2877 malevolentia
1064 2827 1111 2879 labe

240 2877 349 2936 suffusus,
366 2882 437 2929 libere
447 2880 628 2945 simpliciterque
638 2884 723 2940 judicat
736 2914 743 2936 ‚
761 2883 794 2930 ita
810 2880 923 2943 gaudeo,
941 2898 969 2933 ut
982 2888 1015 2938 ab
1032 2890 1111 2941 iisdem

237 2957 318 2992 tameo
331 2945 458 3006 improbati
469 2945 539 2992 facile
551 2947 630 3008 patiar.
649 2950 675 2992 P.
682 2948 769 2993 Manat.
803 2950 895 2992 Omnes
907 2945 964 2995 libri
979 2966 1073 3003 vm
1085 2956 1110 3003 ει

239 3008 379 3056 recentiores
391 3008 491 3060 habent,
507 3012 601 3053 maxime
612 3023 682 3053 tartum
692 3013 726 3054 ln's
737 3010 815 3054 Stoicis
825 3010 869 3059 &a
903 3006 952 3057 Sed
967 3027 1032 3076 μη
1048 3016 1110 3067 {Ci-

238 3084 325 3117 cerone
337 3070 445 3132 scripturn
455 3069 514 3124 else,
530 3075 623 3116 maxime
636 3073 766 3124 rameniis,
783 3073 823 3134 qm'
832 3072 889 3117 nibil
898 3074 966 3118 alind
979 3109 988 3131 ,
1004 3080 1051 3130 &a
1071 3094 1110 3127 vo·

241 3147 293 3179 cent
310 3136 388 3178 o'tonis
403 3147 483 3180 natam
495 3130 579 3181 ess‘eer
592 3133 797 3198 interpretatione,
812 3148 866 3181 cum
882 3134 972 3198 aliquis
988 3139 1004 3189 ὲ
1020 3142 1109 3205 regium

244 3195 278 3243 ita
289 3191 407 3254 l'criptiss'et
419 3200 504 3244 Stoicus.
520 3197 627 3243 Lambin.

278 3273 317 3313 43.
333 3259 384 3320 Qu
396 3265 539 3315 moereantur]
571 3257 715 3312 Lambinus,
735 3260 785 3319 quei
806 3273 942 3312 moveamur.
976 3264 1019 3315 sed
1033 3266 1109 3319 Μαι

243 3320 300 3365 Pali.
313 3321 415 3379 quonum
427 3335 570 3367 moveantur:
592 3319 634 3368 nifi
650 3321 761 3370 malimus
780 3334 835 3368 cum
850 3321 934 3373 codice
949 3330 1108 3395 scaligerum,

244 3382 346 3444 quomodo
358 3396 477 3428 novatur:
494 3382 560 3445 quod
575 3386 649 3432 vetius
665 3384 869 3446 videtu13utique
882 3385 939 3437 ciam
955 3406 1022 3443 mox
1035 3390 1110 3459 pust·

228 3456 303 3493 ·rant
315 3444 371 3494 tall.
384 3460 469 3494 omues
479 3448 604 3508 verfirntur,
621 3463 672 3498 non
680 3448 797 3509 versentur.
831 3451 927 3503 Gruter.

57 3548 129 3684 ἱ
707 3626 710 3632 ἡ
926 3515 1113 3584 „a
