2318 3914
124 190 127 197 ·
209 177 291 245 2334
384 156 936 244 ‘Aenoerunsrrouuu

208 267 306 338 nobis,
325 266 460 338 Luculle,
480 279 590 343 tempus
611 265 690 338 eise,
710 270 741 328 δι
762 268 896 346 quoniam
917 265 979 325 satis
1000 258 1091 322 multa

59 349 85 400 Ρ.
101 342 285 412 xxxvrudixi,
305 345 343 402 est
357 345 425 404 mihi
438 346 634 421 perorandum.
671 345 784 420 posthac
796 358 892 405 tamen
908 385 917 413 ,
938 341 1008 400 cum
1028 340 1092 399 baec

210 435 392 494 quaeremus,
431 421 502 480 otiits
523 421 559 480 de
580 419 785 481 dissensionibus
804 423 885 481 tantis
905 420 1091 477 summorum

211 497 335 556 virorum
366 498 393 557 di
415 516 532 557 eramus.
571 499 606 558 de
622 498 784 558 obscuritate
798 509 903 558 naturae
930 496 1028 570 deque
1048 508 1092 551 er·

167 586 171 591 ’
209 588 273 630 rore
287 584 330 632 tot
344 575 589 650 pbilosophorum,
609 576 657 652 qui
672 575 799 634 debonis
826 574 1030 647 contrariisque
1046 587 1091 628 re·

211 647 260 707 bus
273 659 418 726 tantopere
432 652 599 727 discrepant,
618 665 667 722 ut,
687 654 751 710 curn
766 653 825 726 pius
840 669 898 710 uno
914 666 1019 707 verum
1036 644 1091 706 else

209 740 269 783 non
285 727 381 800 pollit,
398 727 490 801 jacere
506 727 614 786 necesse
626 727 658 786 fit
670 739 714 787 tot
728 741 785 786 tam
801 726 907 786 nobiles
921 724 1090 800 disciplinas

210 801 296 875 quim
311 803 346 861 de
367 804 515 862 oculorum
534 804 716 880 sensuumque
730 805 900 880 reliquorum
923 801 1090 868 mendaciis,

211 877 292 936 &de
308 879 407 948 sorite,
427 891 474 939 aut
488 880 677 955 pseudomeno
694 901 701 938 ι
721 897 787 958 quas
808 880 897 956 plagas
917 877 968 955 ipsi
990 889 1090 936 contra

208 952 235 1010 se
251 953 336 1015 Stoici
349 967 505 1014 texuerunt.

148 1038 201 1113 148
248 1030 327 1090 Turn
344 1033 493 1101 Lucullus,
513 1033 582 1091 Non
597 1032 727 1101 moleste,
747 1012 1088 1108 inquit,··fer0,noshaec

209 1105 361 1165 contulisse.
399 1109 496 1184 saepius
511 1110 586 1167 enim
602 1109 811 1183 congredientes
825 1127 893 1177 nos,
915 1110 945 1165 &
960 1104 1089 1165 maxime

210 1182 241 1239 in
254 1183 416 1244 Tusculanis
435 1185 555 1255 nostris,
583 1184 603 1243 fi
623 1203 677 1261 qua
699 1185 882 1254 videbuntur,
902 1185 1090 1261 requiremus.

211 1258 346 1332 Optime,
366 1263 490 1338 inquam.
529 1261 575 1321 sed
589 1261 656 1337 quid
672 1262 784 1320 Catulus
797 1260 902 1320 sentit?
922 1260 996 1336 quid
1011 1261 1090 1318 Hor·

210 1334 332 1394 tensius?
353 1337 431 1396 Tum
448 1339 703 1413 Catulus,Egone,
724 1337 834 1415 inquit?
854 1336 889 1396 ad
902 1335 1089 1412 patrisrevol-

159 1442 160 1446 =
210 1426 263 1468 vor
281 1412 460 1473 sententiam:
481 1433 565 1492 quam
579 1415 693 1492 quidem
708 1415 752 1473 ille
768 1414 957 1473 Carneadeam
974 1409 1033 1472 effe
1046 1411 1089 1472 di·

98 1526 103 1539 .
207 1487 303 1557 cebet,
325 1503 356 1546 ut
370 1491 472 1566 percipi
489 1492 556 1550 nihil
569 1503 665 1567 putem
688 1488 765 1566 posse
780 1534 789 1560 ,
807 1487 973 1549 assensurum
988 1500 1086 1548 autem
1107 1546 1112 1557 ,

206 1580 265 1621 non
279 1578 412 1653 percepto
421 1567 479 1653 ’.id
493 1567 531 1655 esi
540 1611 548 1636 ‚
557 1569 740 1655 opinaturum¹
748 1566 899 1655 sapientem
915 1565 1086 1654 eriiiimem:

207 1639 1088 1856 ssissirstttlrrttrrtsbetisste&

1007 1815 1019 1854 1

125 1988 128 1994 '
142 2034 150 2055 ,-
210 1991 252 2047 fir,
268 2004 293 2040 ut
306 1989 400 2054 suspicer
410 1988 519 2054 proxime
530 1989 664 2053 sequentia,
680 1990 707 2042 όν
717 1992 818 2054 quoniam
826 1989 881 2050 saris
893 1993 964 2038 muira
975 1992 1044 2049 da‘xi,
1059 1991 1086 2051 op

130 2125 134 2136 '
209 2115 372 2173 librariorum
389 2118 457 2164 hoce

210 2058 267 2102 mihi
277 2056 420 2117 perorandum
431 2086 439 2109 ,
459 2051 671 2164 promanasse-non
682 2053 697 2102 a
707 2051 776 2101 fonte
787 2054 923 2163 Cicffrolnis,
940 2052 980 2103 sed
991 2055 1086 2107 lacunis

243 2197 282 2235 90.
298 2183 316 2227 S
316 2182 341 2227 ed
352 2184 398 2234 ira,
409 2191 440 2252 uf⁴
447 2114 827 2252 ιιιιὲἱὶξὲἷιῗῖἲιῗιῗνῗῑῗῗαᾙῇ
845 2116 956 2227 {ignens}
961 2121 1043 2230 1ῗᾶἷὲ
1048 2195 1086 2230 re·

210 2240 1087 2370 siftsbsttiliillillli.{listi}spississimis

210 2371 325 2430 tellrpcntis
335 2370 471 2430 opinarique,
482 2369 587 2429 sciatque.
620 2367 695 2416 Idem.

244 2447 282 2487 91.
299 2432 366 2495 Qud
376 2431 519 2492 comprehendi
530 2432 556 2482 ἐν
564 2433 645 2493 percipi
651 2429 726 2494 prffit:
743 2431 800 2489 dre]
814 2433 910 2487 Locus,
926 2431 960 2480 ait
970 2430 1082 2493 Ursinus,

211 2506 308 2544 notatus
317 2492 403 2557 corrigi
413 2492 504 2556 potest,
520 2491 591 2558 sipro
604 2506 643 2556 per
656 2494 749 2558 legatur
759 2494 847 2555 semper.
880 2492 940 2542 mibi
956 2509 1008 2543 non
1021 2494 1086 2546 vide·

210 2571 248 2608 tur
258 2552 341 2622 posse:
358 2554 469 2618 quorsum
480 2556 545 2605 euim
555 2556 648 2606 dixerit.
665 2557 733 2617 huius
750 2555 893 2605 Carneadea
911 2555 1034 2607 sententiae
1046 2573 1087 2608 au·

210 2621 264 2671 &or
280 2619 415 2668 Carneades
430 2617 496 2680 ipse,
517 2622 637 2668 nusum
648 2622 766 2678 ἄνθρωποι
781 2620 830 2668 irie
849 2617 897 2675 περὶ
914 2621 1025 2670 ἁπάντων
1035 2621 1087 2671 int·

235 2701 278 2740 ιιι,
292 2697 344 2745 que
355 2683 404 2745 ejus
415 2680 485 2730 verba
496 2681 566 2731 refert
574 2683 707 2730 Numenius
719 2678 780 2745 apud
790 2679 915 2730 Eusebium
925 2682 951 2728 in
961 2697 1004 2738 eo,
1012 2698 1088 2746 quem

153 2762 158 2771 ·
196 2754 199 2759 '
242 2760 273 2811 pe
283 2746 366 2803 citavi,
382 2743 423 2795 lib.
431 2759 482 2794 xiv.
500 2750 555 2795 Hoc
566 2746 628 2793 valet
638 2744 704 2800 idem
713 2743 767 2792 acsi
779 2741 840 2792 dicat
852 2741 920 2791 nefas
930 2742 977 2793 esse
988 2745 1086 2797 bomini

211 2806 301 2872 semper
312 2809 397 2870 ἰποχιὶν
412 2809 586 2872 comprobare:
601 2808 630 2855 ad
647 2822 698 2870 quae
714 2806 786 2855 verba
801 2804 930 2855 Carneadis
944 2806 983 2855 hic
999 2810 1087 2859 Cicero

211 2869 262 2921 sine
272 2871 345 2920 dubio
353 2870 451 2936 respicit.
484 2870 606 2920 Turnebus
613 2886 626 2926 ,ι
636 2872 676 2934 qui
686 2868 727 2919 lib.
735 2883 788 2918 xva.
803 2867 925 2920 Adversas.
937 2868 1087 2937 illaquoque

211 2935 284 2984 verba
293 2934 389 2991 recitat,
405 2945 488 2982 contra
499 2945 570 2996 atque
581 2932 690 2990 Urfinus,
708 2948 751 2995 pro
765 2933 867 2997 perlegit
880 2950 923 2981 nec.
941 2933 1088 2998 neboequi·

211 2995 268 3047 dem
278 2994 399 3060 probabile
408 2995 449 3046 eu.
483 2995 547 3045 Cirm
558 2998 623 3045 enim
633 2995 689 3044 dicit
701 3011 751 3043 non
762 2992 828 3058 posse
839 2996 924 3056 ἰποχιὶι
934 2995 1006 3046 illum
1018 3012 1088 3055 cem·

153 3068 158 3089 ⁸
229 3061 312 3110 robure
321 3058 351 3108 de
360 3058 484 3116 omnibus,
500 3059 553 3108 satis
570 3058 634 3122 polle
649 3058 679 3108 de
694 3057 835 3127 quibusdam
853 3055 992 3121 significat:
1014 3074 1089 3124 quate

71 3542 179 3656 ἢ

209 3073 259 3171 boc
274 3121 335 3171 dixit
350 3121 380 3170 de
395 3121 519 3171 Carneade
538 3121 622 3187 supra,
649 3125 675 3176 dr
691 3124 748 3169 iilud
763 3122 826 3168 dabar
842 3121 937 3231 affeneiri
951 3125 1089 3187 aliquande,

209 3185 257 3234 hoc
267 3184 313 3241 est,
329 3183 407 3233 dicere
418 3186 573 3246 inopinum
583 3185 739 3250 comprobare
753 3183 849 3245 aliquan
868 3183 963 3239 o,nihii
975 3187 1089 3250 amplius.

211 3245 279 3312 quod
289 3261 372 3296 tamen
383 3244 462 3310 polica
473 3248 560 3296 Cicero
574 3247 633 3297 dixit
651 3247 674 3298 se
688 3247 764 3311 magis
779 3246 921 3311 disputatum
932 3246 947 3295 d
960 3249 1090 3301 Carneade

214 3311 289 3370 quim
299 3309 424 3373 probatum
436 3308 592 3358 Clitomacho
603 3310 703 3359 credere.
736 3315 831 3374 Qtaeras
839 3310 892 3366 bic,
909 3321 934 3357 tu
945 3310 1018 3374 igitur
1030 3314 1089 3375 quid

214 3372 293 3421 censes
303 3377 311 3421 i
328 3372 381 3420 sane
392 3373 417 3420 in
428 3371 484 3420 loco
494 3374 544 3431 ejus
554 3371 624 3422 sieilae
636 3406 644 3430 ,
660 3373 700 3423 ubi
713 3387 761 3421 una
771 3372 860 3437 syllaba
872 3385 910 3433 per
926 3375 1022 3438 integra
1033 3377 1091 3426 reli·

233 3449 262 3484 ua
273 3435 319 3492 esi,
335 3433 421 3483 censeo
432 3434 594 3492 scribendum,
611 3454 646 3483 nec
652 3438 740 3498 semper.
756 3435 847 3485 constat
858 3449 889 3483 ex
900 3434 949 3490 bis,
965 3452 1019 3499 quae
1029 3437 1091 3497 dixi,

214 3449 307 3549 scirbit
317 3496 420 3567 impressa
431 3496 447 3546 i
463 3497 538 3550 Badio
548 3499 613 3559 ¹olim
629 3499 683 3551 vide
694 3498 767 3566 quim
777 3513 851 3566 prope
865 3496 955 3552 absint:
966 3501 993 3551 in
1004 3502 1098 3567 quibus¹

1047 3579 1094 3632 pro
