2318 3914
225 110 309 194 2528
412 110 478 173 Da
497 110 587 171 Fau.
610 106 711 169 Bou.
733 122 790 170 rer
811 108 929 172 Man.

228 218 348 296 quaeilio
363 216 512 277 differatur.
537 215 631 275 utrum
647 217 724 275 enim
739 213 771 274 lit
786 217 914 292 voluptas
929 218 962 277 in
976 214 1014 277 iis
1027 217 1118 291 rebrat

218 302 298 373 ‘quas
314 295 414 370 primas
427 292 579 353 secundum
595 305 722 353 naturam
736 288 790 352 effe
808 292 949 363 diximus,
970 310 1069 355 necne
1078 296 1119 364 sit,

232 372 268 431 ad
282 371 328 442 id,
348 372 425 449 quod
439 373 564 445 agimus,
582 370 651 429 nihil
671 370 790 429 interest.
827 370 948 430 sienim
970 371 1028 445 (ut
1052 372 1120 433 mihi

82 474 111 512 m
126 463 191 508 Grae.
232 448 348 527 quidem
362 449 484 521 videtur)
493 465 553 505 non
568 447 659 521 explet
673 447 747 505 bona
762 459 868 507 naturae
882 447 1049 523 mvoluptas
1059 490 1068 517 ,
1078 448 1120 525 ju-
1153 467 1156 474 ’

83 524 138 571 dela
150 536 193 571 vo·
233 543 264 585 re
278 523 456 599 praetermissa
470 524 516 582 cst.
554 522 595 581 sm
609 523 647 581 est
660 523 690 581 in
702 540 753 591 ea,
772 524 851 599 quod
865 524 984 600 quidam
1001 524 1119 593 uolunt,

81 587 170 652 him·
233 602 302 662 nihil
322 602 441 677 impedit
467 600 587 658 nostram
609 601 682 657 hanc
709 600 998 675 comprehensionem
1021 601 1120 660 summi

232 679 311 739 boni.
349 696 414 754 quae
428 678 503 735 enim
519 675 665 735 constituta
683 675 745 735 sunt
764 680 853 752 prima
873 692 1011 748 naturae‚
1033 678 1068 737 ad
1090 696 1119 737 ea

234 754 397 829 srvoluptas
411 752 566 823 accesserit,
587 770 676 811 unum
690 753 804 826 aliquod
825 752 965 812 accederit
988 772 1118 813 commo

234 835 305 891 dum
320 831 461 906 corporis,
480 848 573 906 neque
587 848 649 887 eam
666 829 894 889 constitutionem
913 830 1025 890 summi
1038 832 1117 903 boni,

237 926 304 985 quae
319 908 356 965 est
370 906 509 983 proposita
526 949 534 976 ,
554 908 712 967 mutaverit.
1108 942 1113 949 ·

196 988 236 1062 ‘46
277 984 372 1043 XVII.
391 984 444 1041 Er
466 1004 512 1041 an
523 1002 598 1043 nuc
619 984 734 1059 quidem
750 985 787 1044 ita
801 985 881 1044 nobis
894 982 1039 1061 progreffa
1055 986 1118 1045 ratio

239 1061 295 1131 est,
314 1072 345 1119 ut
367 1079 399 1118 ea
412 1061 560 1120 duceretur
574 1062 666 1119 omnis
679 1060 694 1117 h
711 1064 800 1137 prima
814 1063 1119 1121 commendationem·
1158 1127 1159 1134 ἵ

238 1149 319 1196 turae.
356 1155 432 1197 nunc
453 1148 548 1196 autem
571 1138 644 1196 aliud
661 1138 722 1213 jam
743 1137 956 1213 argumentandi
976 1138 1117 1215 sequamur

240 1232 352 1289 genus,
371 1227 403 1273 ut
416 1232 476 1274 non
489 1214 577 1274 solum
592 1215 657 1290 quia
675 1233 727 1273 nos
740 1215 904 1291 diligamus,
924 1212 974 1273 sed
989 1216 1057 1292 quia
1076 1232 1118 1273 ca·

239 1294 340 1367 jusque
357 1293 438 1367 partis
458 1306 565 1351 naturae
588 1294 618 1350 ὅ(
639 1292 806 1379 incorpore
840 1293 870 1349 ὃ(
898 1292 929 1349 in
957 1293 1059 1351 animo
1078 1292 1118 1351 sua

265 1385 366 1443 uaeque
380 1369 421 1427 vis
434 1368 489 1427 sit:
512 1367 652 1427 tssidcirco
668 1368 697 1427 in
718 1369 759 1426 hrs
780 1367 859 1427 rebus
879 1367 1017 1440 summa,
1035 1368 1120 1429 nolim

92 1477 111 1512 ιι
126 1468 153 1507 ut
170 1386 342 1520 quaiipponte
356 1462 532 1504 moveamur.
551 1446 646 1522 Atque
660 1457 691 1503 ut
704 1442 721 1503 h
736 1462 854 1520 corpore
869 1444 981 1515 ordiar,
1001 1444 1120 1515 videsne,

93 1520 209 1635 Euam·
246 1533 318 1591 nut,
338 1522 358 1579 li
372 1540 427 1597 qua
440 1523 470 1580 in
483 1522 614 1580 membris
635 1538 740 1596 prava,
760 1533 808 1581 aut
828 1521 993 1592 debilitata,
1013 1534 1060 1582 aut
1071 1523 1121 1582 im·

107 1598 171 1660 ,qua
186 1594 353 1663 ‘ill‘minuta
367 1597 436 1667 lint,
457 1599 598 1656 occultent
611 1599 740 1656 homiues
755 1596 767 1657 ἓ
806 1611 838 1657 ut
851 1598 935 1657 etiam
951 1598 1121 1659 contendant

94 1648 215 1773 ‘ffl'ffff'
247 1678 278 1734 ὅτ
291 1674 457 1745 elaborent,
483 1674 504 1733 si
525 1676 634 1733 efficere
655 1673 780 1750 possint‚
800 1688 831 1732 ut
845 1685 892 1733 aut
914 1692 976 1734 non
999 1686 1122 1752 appareat

95 1774 228 1825 cxxxvi
248 1752 371 1828 corporis
385 1752 505 1823 vitium,
524 1765 571 1810 aut
585 1750 670 1828 quim
685 1753 836 1811 minimum
851 1750 1123 1827 appareat?multos·

246 1846 303 1906 que
318 1829 401 1887 etiam
418 1828 529 1888 dolores
544 1829 689 1887 curationis
703 1827 781 1887 causi
794 1826 954 1903 perferant?
976 1840 1025 1898 ut,
1044 1826 1122 1905 liipse

246 1904 309 1965 usus
321 1905 513 1977 membrorum
528 1924 588 1965 non
602 1904 691 1963 modo
707 1923 765 1964 non
781 1906 897 1979 major,
925 1904 1027 1965 veriam
1043 1906 1124 1965 etiarn

247 1984 341 2043 minor
356 1983 462 2041 futurus
477 1984 526 2052 sit,
547 2000 646 2040 eorum
660 1994 756 2040 tamen
769 1981 869 2058 species
883 1980 919 2039 ad
932 1984 1072 2041 naturam
1086 2000 1125 2041 re·

248 2059 392 2119 vertatur?
413 2061 518 2120 etenim
534 2058 599 2117 chm
616 2076 715 2118 omnes
729 2057 825 2118 naturai
845 2070 922 2116 toros
942 2058 971 2117 se
995 2072 1125 2135 expeten-

249 2136 302 2196 dos
315 2148 430 2211 putent,
449 2155 503 2196 nec
526 2135 556 2195 id
577 2136 615 2194 ob
637 2136 718 2194 aliam
734 2154 817 2204 rem,
837 2134 883 2193 sed
904 2148 1021 2210 propter
1035 2136 1125 2213 ipsos:

249 2210 359 2273 neceile
380 2212 418 2270 est
439 2214 498 2288 ejus
519 2214 603 2270 ctiam
623 2227 711 2287 partes
731 2224 843 2289 propter
860 2212 887 2271 se
909 2214 1031 2287 expeti,
1053 2210 1127 2293 quod

249 2287 409 2349 uuiversum
424 2301 536 2364 propter
548 2289 574 2346 se
589 2302 740 2362 expetatur.

203 2368 240 2437 '47
291 2374 320 2419 ³9
329 2364 428 2442 Quid?
447 2365 478 2426 in
500 2378 582 2425 motu
609 2367 639 2425 ὃ(
653 2367 683 2425 in
704 2367 774 2427 ssatu
793 2365 916 2442 corporis
935 2366 1047 2427 nihilne
1069 2365 1127 2502 είξάῥ

1057 2459 1094 2521 qu

284 2641 322 2689 38.
338 2634 420 2683 Idcirco
437 2636 461 2681 in
476 2637 510 2682 hir
526 2636 585 2683 rebus
595 2636 701 2698 franima,
724 2637 793 2698 nostra
804 2638 877 2701 spuma
892 2643 1044 2697 maritumam]
1075 2640 1130 2687 Non

250 2692 358 2760 displicet
370 2697 436 2759 quod
445 2698 478 2747 est
488 2700 514 2748 in
524 2700 590 2747 Aldo
601 2705 664 2764 Nep.
675 2715 796 2750 moveatur.
813 2707 839 2752 dt
851 2705 886 2750 ita
896 2700 954 2750 aliis
965 2701 1061 2749 lelium
1071 2716 1131 2751 reto·

252 2760 317 2811 ribus
339 2761 430 2826 colligo
448 2776 477 2809 ex
489 2777 547 2811 nora
558 2765 741 2826 marginalil’al.
752 2767 837 2825 quarti.
855 2765 885 2813 ibi
896 2766 963 2811 enim
975 2764 1053 2813 adieri
1070 2778 1131 2822 rum.

256 2827 294 2873 vel
304 2840 437 2873 moveamur.
455 2823 565 2881 ridiculo,
577 2826 631 2873 ciam
639 2827 876 2887 itaaliouuiness'eriu
884 2781 1133 2877 contextuasedaber-

180 2909 183 2915 ¹
256 2887 318 2936 ravit
329 2886 411 2936 dextra
423 2885 523 2945 librarii,
541 2889 664 2952 voluitque
677 2890 808 2953 exprellum
819 2903 946 2937 movemur:
964 2905 1016 2953 quo
1034 2888 1134 2941 admill'o

255 2948 320 3000 belle
332 2951 384 2999 heic
393 2950 517 3014 quadrabit
528 2951 587 3000 illud
593 2956 695 3011 skama,
712 2968 823 3003 vexatum
834 2956 859 3003 δι
870 2950 1006 3011 Lambino,
1025 2956 1054 3005 δι
1064 2960 1135 3005 urata

256 3014 365 3076 aliisque.
397 3019 461 3063 (irat.
858 3025 861 3031 ’

210 3122 213 3128 ,
291 3091 328 3129 39.
345 3079 413 3139 Qud
423 3081 446 3123 in
455 3092 514 3125 motu
522 3078 548 3129 θ’
559 3078 582 3124 in
594 3077 655 3137 statu
666 3082 776 3142 corporis]
799 3078 939 3144 Legendum
950 3078 1001 3130 fine
1015 3079 1092 3130 dubio
1101 3080 1136 3131 τί·

256 3134 338 3193 detur,
353 3142 435 3199 garaid?
452 3145 475 3187 r'n
484 3155 543 3187 motu
553 3143 579 3192 (φ
592 3146 629 3197 in,
646 3144 689 3193 &a
709 3149 805 3193 Cramer.
838 3146 921 3204 Qid?
935 3146 959 3189 r'n
970 3160 1034 3193 motu
1044 3148 1072 3199 dr
1077 3144 1138 3206 statu

256 3205 348 3274 capparis
356 3204 489 3272 nilailneast,
500 3207 556 3314 {aad
567 3211 623 3261 m]
639 3207 675 3253 Sic
685 3205 742 3255 Aldi
753 3221 818 3255 retus
829 3205 958 3269 improllio.
976 3222 1038 3257 nam
1050 3209 1137 3269 iunior,

259 3266 317 3309 nahal
327 3264 385 3322 mest.
404 3266 464 3315 vict.
478 3281 507 3327 pu
524 3268 652 3326 licavetat,
672 3283 799 3332 expetatur,
813 3275 905 3333 quadiu
920 3283 981 3317 matu
998 3274 1028 3324 (φ
1039 3273 1072 3331 st.
1082 3283 1137 3334 my.

257 3327 317 3373 nibil
326 3343 367 3373 non
376 3327 499 3390 est,quod3
515 3330 642 3392 quomodo
658 3333 728 3395 plane
739 3334 787 3381 Pal.
799 3347 876 3395 quart.
893 3332 937 3381 nili
953 3334 1023 3397 quod
1037 3335 1138 3385 intho'e't

259 3402 351 3438 novam
366 3389 488 3454 periodum
505 3393 588 3443 abillo
605 3397 679 3457 Qud.
697 3398 769 3444 ceteri
784 3396 858 3445 nostri
871 3398 1025 3459 exprimunt,
1041 3401 1100 3465 qued
1114 3402 1138 3447 iu

253 3466 317 3511 mm
325 3454 418 3525 &statu
428 3459 520 3525 camaris
530 3459 589 3512 nibil
598 3458 648 3524 mel
655 3460 820 3525 ,quodprater
827 3460 873 3512 lec.
884 3460 927 3525 qui
935 3458 1142 3587 “stimma-¹3
