2318 3914
243 82 437 193 Iar-nnn
478 96 829 208 Quemne*
868 116 949 202 2487

69 236 194 298 deterior
225 239 426 315 qudm‘coteri‚
445 237 653 316 quod-penitus
673 234 691 295 d
709 246 805 295 nutum
824 233 942 294 receffit.

72 315 161 373 Stoici
173 327 284 385 autem,
303 315 380 392 quod
394 315 480 374 finem
495 317 634 374 bonorum
647 313 678 371 in
691 330 746 371 una
765 314 866 371 uirtute
885 327 939 386 po·
959 314 1081 368 hcm-

71 390 265 459 nunnsmiles
276 392 339 451 sunt
352 392 477 450 illorum:
498 390 576 466 quod
591 402 684 448 autem
698 388 860 463 principium
875 386 942 446 offl-

72 466 110 524 cii
123 480 266 542 quaerunt,
293 466 390 526 melius
408 468 493 543 qu‘am
507 467 612 541 Pyrrho
630 485 637 523 :
665 463 743 541 quod
758 481 792 522 ea
810 481 869 522 non
887 478 939 520 oc·

73 545 209 601 currentia
222 544 347 619 fingunt,
367 545 481 601 vincunt
494 543 669 602 Aristonem:
689 539 767 615 quod
781 551 874 597 autem
893 555 938 608 et,

73 634 140 692 quae
156 618 189 678 ad
211 633 336 678 naturam
366 619 578 678 accommodata
606 618 636 676 &
664 633 712 691 per
732 614 760 674 se
780 614 939 673 adumendu

73 690 129 751 effe
142 694 257 764 dicunt,
273 704 333 754 non
348 695 499 775 gdjungunt
513 693 647 754 adfinem
669 693 826 758 bonorum,
845 688 941 750 descis-

72 769 173 828 cuntd
195 785 315 840 natura,
342 773 370 829 δε
391 772 513 848 quodam
534 770 623 829 modo
643 768 704 827 sunt
725 785 784 825 uon
803 765 940 827 didimilet

71 843 216 905 Aristonis.
235 848 280 905 ille
294 849 368 906 enim
383 849 553 906 occurrentia
566 845 658 904 nescio
671 860 734 916 quae
747 845 941 904 comminisce-

72 919 170 979 batur:
190 923 219 980 hi
234 937 324 981 autem
340 937 448 998 ponunt
461 925 498 982 iili
510 922 624 998 quidem
645 921 732 995 prima
753 932 876 988 naturae,
894 916 941 976 sed

73 1013 109 1054 ea
147 997 291 1072 sejungunt
325 999 341 1057 d
383 999 480 1058 finibus
518 1002 548 1057 δι
579 995 596 1056 d
629 995 736 1054 summa
776 995 939 1056 bonorum:

74 1089 142 1147 quae
157 1073 220 1132 cum
235 1085 426 1149 ‘proponunm
448 1087 478 1132 ut
489 1074 520 1133 fit
533 1074 622 1150 aliqua
635 1090 725 1131 rerum
741 1071 869 1140 seledioe
888 1090 956 1133 nrt-t
972 1090 1063 1143 prepo-

72 1159 164 1206 turam
188 1150 312 1208 videntur
332 1151 416 1226 sequi.
454 1151 518 1209 cium
539 1163 632 1208 autem
655 1161 780 1223 negant,
806 1166 839 1206 ea
858 1144 1062 1225 quid-Wadi·

74 1241 161 1299 quam
174 1226 209 1284 ad
222 1227 330 1285 beatam
345 1229 432 1286 vitum
446 1228 599 1302 pertinere,
619 1224 706 1284 rursus
719 1237 844 1284 naturam
859 1226 941 1285 reliu-

77 1313 176 1376 quunt.
436 1356 441 1377 ,
922 1320 931 1328 ·

114 1376 210 1452 Atque
222 1377 311 1437 adhuc
326 1398 358 1437 ea
374 1380 430 1439 dixi
445 1423 454 1449 ,
482 1396 529 1437 cut
543 1377 620 1437 causa
632 1375 743 1436 Zenoni
757 1395 816 1435 nou
835 1374 987 1449 fuiffet,4'4

76 1454 261 1527 quamobrem
276 1455 291 1514 *a
306 1456 473 1530 superiorum
493 1453 654 1514 auetoritate
674 1451 830 1512 discederet.
866 1471 943 1514 nunc

77 1529 360 1664 reiiguavideamus:
380 1533 429 1591 nisi
450 1531 506 1590 aut*
517 1529 551 1589 ad
572 1532 634 1591 haec
652 1571 661 1598 ‚
682 1529 772 1600 Cato,
790 1528 882 1588 dicere
895 1531 945 1590 ati·
963 1528 972 1538 ‘

77 1606 127 1680 qui
164 1606 222 1674 vis,
241 1621 288 1665 aut
300 1626 351 1666 nos
366 1609 421 1680 iam
435 1606 574 1681 longiores
586 1605 685 1664 sumus.
704 1605 842 1663 Neutrum
855 1605 943 1674 vero,

77 1679 169 1757 inquit
183 1683 236 1741 ilie.
274 1701 339 1741 nam
355 1687 384 1742 &
398 1684 414 1742 ‘o
429 1698 457 1742 te
470 1681 564 1758 perfici
577 1682 653 1741 istam
667 1679 877 1756 disputationem
892 1700 944 1741 to·

78 1755 135 1825 lo,
154 1769 272 1817 nectua
292 1760 361 1817 mihi
380 1762 468 1819 oratio
487 1759 571 1832 longa
590 1758 676 1816 videri
694 1757 790 1832 potest.
810 1757 944 1834 Optimd,

75 1833 201 1908 inquam.
239 1836 307 1910 quid
327 1836 402 1894 enim
422 1838 490 1894 mihi
509 1833 596 1909 potest
616 1831 669 1892 eise
706 1834 824 1907 optatius
856 1834 944 1910 quim

77 1924 145 1967 cum
161 1913 288 1980 Catone,
306 1913 434 1970 omnium
449 1915 581 1971 virtutum
597 1909 729 1978 rudore.
749 1911 785 1968 de
804 1910 945 1970 virtutibus

81 1983 244 2060 disputare?
301 2012 306 2029 ι

116 2061 171 2119 Sed
192 2061 310 2135 primum
333 2062 399 2121 iliud
417 2062 505 2132 vide,
524 2062 706 2138 grarissimam
729 2061 803 2121 iilum
829 2063 989 2128 vestram45
1070 2090 1073 2095 ·

77 2136 259 2206 sententiam,
278 2140 485 2212 quaetamiliam
507 2139 606 2208 ducit,
625 2137 769 2197 honestum
792 2138 867 2212 quod
888 2138 945 2208 iit,

79 2213 109 2272 id
124 2211 177 2270 effe
191 2213 278 2272 solum
294 2217 415 2274 bonum:
436 2213 601 2288 honesteqoe
615 2216 709 2275 rivere
725 2256 735 2283 ,
753 2216 892 2273 bonorum
911 2214 954 2274 fi·

77 2306 147 2348 nem
167 2307 347 2348 communem
369 2293 430 2350 fore
450 2292 527 2349 vobis
542 2308 608 2349 cum
623 2290 768 2358 omnibus,
786 2292 833 2364 qui
847 2291 875 2349 in
889 2309 946 2352 unu
966 2352 969 2357 ,

78 2367 180 2424 virtute
201 2367 368 2425 constituunt
388 2368 472 2425 finem
496 2369 633 2426 bonorum
653 2367 809 2441 :quodque
839 2366 944 2436 dicitis,

78 2443 222 2501 informari
243 2461 301 2501 non
321 2441 397 2516 porse
418 2446 571 2512 virtutem,
590 2441 780 2517 fiquidpiam,
800 2441 849 2500 nifi
867 2445 943 2517 quod

57 2518 224 2578 -honestum
240 2517 289 2585 srt,
308 2530 488 2577 tnumeretur
503 2562 512 2586 ‚
530 2519 725 2581 idemdicctor
736 2519 770 2576 ab
783 2518 853 2588 illis,
873 2535 965 2593 quosr
979 2536 1046 2575 uum.
1064 2527 1091 2579 ie

78 2593 169 2654 modo
184 2595 336 2654 nominavi.
368 2597 436 2654 milri
450 2609 542 2653 autem
557 2597 660 2670 aequius
674 2593 831 2665 ridebatur,
848 2582 1018 2656 Zeno-“¹¹³⁸
1034 2594 1092 2652 Μὴ

24 2734 26 2740 ,
77 2689 146 2732 nem
160 2687 225 2727 cum
241 2670 394 2729 Polemone
409 2670 603 2746 disceptantem
618 2714 627 2739 ,
653 2670 759 2746 dequo,
778 2688 842 2744 quae
857 2651 1025 2731 efferum·

77 2746 210 2823 principia
226 2759 345 2815 naturae,
365 2760 522 2820 acceperat,
541 2747 557 2804 d
573 2747 768 2806 communibus
781 2747 862 2804 initiis
875 2765 941 2822 pro·
985 2745 1009 2793 t.
1025 2747 1051 2794 ¹·

76 2823 266 2899 gredientem,
285 2822 378 2881 videre
392 2825 436 2882 ubi
451 2825 576 2897 primum
589 2822 734 2890 insisteret,
753 2825 783 2879 δ’(
796 2822 943 2881 undecau·

76 2901 102 2959 sa
119 2898 314 2957 controversrae
326 2898 501 2966 nasceretur,
521 2917 578 2956 non
598 2899 712 2956 stantem
733 2914 798 2956 cum
819 2898 874 2966 iit,
894 2900 943 2973 qui

77 2993 116 3044 ne
129 2968 252 3034 dicerent
267 2973 378 3048 quidem
393 2974 437 3032 sua
451 2975 557 3034 summu
570 2975 644 3033 bona
659 2970 711 3032 effe
731 2971 748 3030 ὲ
768 2985 863 3032 natura
876 2991 941 3049 pro-

76 3050 166 3120 fecit,
185 3063 216 3109 ut
242 3049 338 3108 iisdem
367 3051 557 3126 argumentis,
587 3050 683 3126 quibus
716 3048 753 3108 iili
781 3060 939 3121 uterentur,

78 3127 231 3199 iisdemque
243 3125 388 3184 sententiis.
629 3170 631 3176 i

117 3202 210 3261 xv11.
229 3203 262 3260 M
272 3221 387 3260 ruint.
408 3198 477 3258 verb
492 3200 557 3260 illud
570 3201 660 3276 probo
668 3242 683 3270 ,,
695 3199 789 3277 quod,
808 3199 873 3260 cum
887 3195 985 3270 do-46

78 3277 188 3346 coistis,
213 3290 245 3337 ut
264 3279 340 3338 vobis
360 3276 495 3338 videmini
511 3319 519 3344 ,
538 3277 626 3335 solum
646 3277 751 3339 bouum
765 3275 844 3348 effe,
863 3276 939 3355 quod

76 3352 225 3434 honestum
237 3352 287 3429 fit,
305 3367 366 3419 tum
378 3353 483 3417 rursum
497 3353 585 3414 dicitis
594 3397 602 3424 .
611 3354 686 3415 initia
699 3355 818 3436 proponi
831 3350 939 3433 ueceffe

92 3437 94 3441 ’
192 3434 194 3440 ’
248 3433 250 3437 ’
413 3441 662 3515 ξνυνννφς
747 3470 750 3474 ,
888 3425 942 3491 effe
