2318 3914
249 125 337 203 ²4⁶0
434 58 512 180 ‘Dr
531 102 625 179 ‘tiu
644 111 743 183 Bou.
764 130 816 184 nt
837 112 955 185 Mar.

243 222 316 282 stum
330 222 399 282 fore.
438 222 485 282 sed
510 223 776 300 quemadmodum,
796 224 936 284 theatrum
960 220 1034 285 cum
1056 230 1137 290 corfla

246 317 334 358 mune
356 299 415 370 fit,
449 298 523 358 reue
544 313 639 359 tamen
661 301 714 359 dici
742 300 856 377 potest,
888 301 948 381 ejus
977 298 1040 362 esse
1070 324 1134 369 eum

244 376 365 444 locum,
385 394 471 454 quem
486 377 602 452 quisque
616 380 777 453 occuparit,
796 375 832 435 fic
845 380 874 437 in
892 378 962 436 urbe
979 382 1133 443 mundove

242 457 466 588 communisnon
480 454 634 512 adversatur
644 455 707 529 jus,
727 471 786 531 quo
801 452 891 513 minus
903 453 987 514 suum
1004 459 1133 539 quidque

243 543 428 590 mmmm

202 613 239 672 68
277 548 358 666 qucdn
374 594 467 668 aute‘m
487 606 663 668 ad‘tuendos
694 606 952 684 conservandosque
992 610 1129 675 hominen

241 685 390 744 homiuem
406 698 501 744 natum
516 681 569 742 esse
581 683 741 742 videamus:
760 677 980 744 consentaneum
1006 688 1050 747 est
1065 682 1129 750 huic

243 774 368 831 naturae,
388 775 418 819 ut
432 761 535 836 sapiens
549 761 617 818 velit
631 777 727 835 gerere
748 762 778 820 &
797 760 986 823 administrare
1014 781 1129 843 rempu-

100 904 108 914 ·
242 837 342 896 blicam
357 861 366 906 ς
387 849 488 915 atque,
508 848 538 895 ut
553 835 677 895 enatura
694 838 792 906 vivat,
827 834 1125 918 uxoremadjurigere

93 920 117 974 ,h
133 920 208 972 castos
243 917 312 973 73&
326 914 397 973 velle
412 933 448 973 ex
461 923 493 973 ea
506 915 614 973 liberos.
652 913 699 971 Ne
713 931 822 973 amores
836 914 952 990 quidem
989 915 1122 980 bsaneror

99 988 150 1036 ⁴1³5·
244 990 394 1066 asapiente
414 991 516 1050 alienos
538 987 590 1049 esse
614 991 783 1049 arbitrantur.
822 991 1002 1066 Cynicorum
1027 1009 1123 1057 autem

231 1069 381 1130 ,rationem
401 1079 484 1142 atque
505 1068 591 1125 vitam
612 1067 661 1131 alii
675 1066 771 1125 cadere
787 1066 815 1124 in
836 1067 991 1142 sapientem
1008 1069 1126 1142 dicunt,

244 1143 266 1202 fi
280 1145 339 1220 quis
353 1143 490 1221 ejusmodi
506 1141 577 1202 forte
591 1142 665 1200 casus
679 1142 806 1202 inciderit
821 1184 830 1212 ,
850 1156 881 1202 ut
901 1143 931 1203 id
957 1147 1124 1210 faciendum

133 1240 140 1245 ’
243 1219 290 1280 fit:
313 1221 356 1278 alii
372 1221 448 1279 nullo
462 1218 561 1280 modo.

200 1296 238 1373 69
283 1299 326 1354 Ut
348 1295 415 1354 vero
443 1297 619 1355 conservetur
640 1297 732 1356 omnis
750 1296 861 1355 homini
881 1314 947 1374 erga
967 1298 1123 1363 hominem

244 1373 374 1443 societas,
394 1373 580 1450 conjundtio,
599 1373 693 1431 caritas
709 1392 717 1431 r
738 1373 768 1433 &
782 1374 975 1434 emolumenta
989 1418 1002 1444 ‚
1030 1379 1063 1438 ὃ(
1075 1380 1124 1439 de·

244 1450 399 1518 trimenta,
433 1468 497 1526 quae
518 1449 690 1517 ὠφελήματα
717 1451 747 1508 &
773 1451 937 1520 βλέμματι
963 1455 1122 1530 appellant,

247 1527 411 1586 communia
432 1523 484 1584 effe
506 1527 676 1585 voluerunt:
695 1537 855 1603 74quorum
875 1529 960 1588 altera
979 1530 1119 1605 prosunt.

244 1615 349 1675 nocent
363 1602 454 1660 altera.
488 1619 542 1660 nec
555 1602 642 1661 solum
657 1620 689 1660 ea
704 1605 868 1663 communia
883 1648 892 1673 ,
918 1603 1019 1665 veriam
1035 1610 1120 1669 etiarn

244 1681 318 1755 paria
333 1675 386 1736 esse
400 1679 535 1738 dixerunt,
572 1679 756 1738 incommoda
781 1693 875 1739 autem
910 1683 942 1741 &
962 1685 1120 1745 commoda

242 1757 293 1830 (ita
307 1752 504 1826 εῧχρμςῆματα
522 1757 553 1815 &
571 1753 790 1828 δυσχρηςήμμτμ
809 1758 931 1834 appello)
951 1763 1117 1820 communia

240 1831 293 1890 esse
308 1833 553 1906 voluerunr,paria
567 1835 723 1893 noluerunt.
743 1833 787 1892 iila
801 1835 967 1911 enim,quae
976 1834 1109 1910 prosunt,

242 1916 290 1968 aut
304 1927 368 1984 quae
385 1921 489 1969 nocent
504 1952 512 1977 ,
530 1922 577 1968 aut
597 1911 671 1969 bona
691 1910 776 1978 sunt,
795 1921 842 1966 aut
866 1912 962 1970 masat
979 1928 1045 1988 quae
1058 1911 1115 1972 sint

243 1986 317 2061 paria
331 1983 439 2045 neeesse
453 1985 499 2044 est.
526 1987 678 2044 commoda
694 1999 788 2045 autern
816 1996 863 2043 aut
885 1987 1072 2048 incommoda
1084 1991 1117 2049 in

96 2061 224 2117 ediximus
244 2079 280 2121 eo
314 2080 396 2121 enere
409 2063 486 2130 sunt,
506 2061 728 2197 quaesspraepofira
742 2064 772 2120 &
785 2061 886 2136 rejecta
907 2064 1051 2129 ¹dicimur.
1082 2084 1117 2126 ea

583 2157 598 2197 e
614 2158 621 2197 ε

648 2139 694 2198 sed
714 2139 928 2199 ¹⁸emolumenta
949 2143 1117 2201 communia

95 2133 150 2179 MS·
241 2156 279 2214 po
299 2151 352 2209 unt
372 2141 446 2215 paria
465 2156 560 2197 none
1080 2214 1107 2277 ff

1064 2236 1079 2277 e
1101 2236 1117 2277 e

94 2190 113 2241 ir
128 2193 220 2243 emolu·

93 2260 237 2307 mentadelet

93 2321 170 2372 Lama

237 2457 344 2521 pertinent
361 2457 390 2503 ad
409 2458 523 2504 veritatem
544 2454 570 2507 ὁ·
589 2457 620 2503 ad
636 2457 726 2518 fidem,
751 2472 775 2503 ea
790 2459 883 2521 migrare
897 2460 1010 2508 interdum
1026 2461 1055 2514 dr
1070 2478 1113 2511 m

235 2523 325 2581 servare
335 2519 366 2577 fir
374 2519 465 2579 justum.
482 2519 513 2568 fic
523 2521 594 2566 utitur
606 2520 691 2570 eodem
701 2519 773 2569 verbo
783 2520 824 2569 iib.
837 2536 855 2569 r.
872 2521 903 2570 de
913 2524 970 2574 Div.
1004 2528 1048 2574 Ne
1061 2528 1116 2587 quis

241 2593 320 2628 autem
332 2597 372 2630 me
381 2593 446 2645 putet
457 2582 489 2630 ita
500 2596 556 2630 meo
566 2581 677 2632 arbitratu
690 2588 715 2634 &
729 2599 771 2644 pro
783 2598 838 2632 meo
850 2587 899 2640 iure
908 2583 1027 2646 edidisse,
1042 2587 1075 2637 sic
1088 2601 1113 2638 ut

240 2643 304 2693 edidi
314 2644 404 2721 habeut
413 2660 498 2694 omnes
509 2643 561 2695 libri
573 2658 670 2721 veteres.
686 2650 766 2722 iraque
779 2646 1014 2725 vulgarascriprura‚
1030 2656 1071 2717 qui
1083 2655 1112 2727 qr*

239 2708 668 2834 assensisses·assisti
685 2713 1114 2842 diids'sssiss‘s‘f‘ssffsissrfsss

239 2833 306 2893 quod
316 2834 389 2882 etiam
398 2833 488 2884 absurdi
498 2835 558 2884 nihil
569 2834 594 2882 in
606 2837 629 2882 se
642 2835 720 2886 haber.
741 2835 801 2884 olim
812 2837 918 2900 vulgati,
932 2844 974 2902 qm'
988 2845 1020 2888 vr·
1034 2854 1109 2906 ogeru.

238 2894 289 2957 jure
298 2897 399 2955 ejesdum
411 2897 424 2946 a
434 2899 560 2948 Lambino.
594 2900 681 2948 Gruter.

271 2976 311 3012 73.
328 2965 358 3008 Er
367 2964 423 3008 valle
433 2980 459 3007 ex
469 2978 493 3008 ea
504 2964 599 3018 liberae]
614 2964 672 3010 Non
683 2962 750 3025 potui
761 2961 884 3012 excludere
899 2963 1039 3028 scripturam
1053 2965 1110 3016 vast.

237 3036 273 3086 pr.
281 3025 477 3088 &quartieiedia
486 3040 558 3079 voce,
571 3037 621 3084 quae
633 3039 681 3074 erat
692 3028 717 3073 in
728 3026 838 3079 omnibus
847 3027 949 3092 vulgatis
959 3028 974 3077 a
984 3026 1049 3084 fine,
1061 3043 1113 3093 pro-

237 3102 314 3135 creare.
331 3087 355 3135 in
367 3090 448 3150 quales
458 3084 576 3136 codicessr
589 3086 703 3136 incidisset
716 3093 738 3136 P.
752 3090 872 3138 Manutius
885 3124 892 3146 ‚
909 3104 1046 3152 numquam
1056 3106 1111 3156 pro·

237 3146 304 3198 ίθᾶὸ
316 3149 383 3201 nobis
394 3150 524 3199 obtrufiss'er
535 3150 664 3199 Lambinus
673 3169 699 3199 ex
708 3168 733 3199 ea
743 3154 818 3199 liberor
828 3166 949 3217 procreare,
966 3154 1057 3204 omisso
1066 3155 1110 3205 ille

236 3212 306 3276 vesle,
322 3227 382 3260 voce
391 3212 563 3275 gratiosissima.
595 3218 662 3264 Idem.

268 3289 306 3330 74.
323 3278 423 3338 Quarum
434 3279 502 3322 altera
507 3279 681 3340 profanatorem
691 3279 779 3336 altera]
795 3274 918 3327 Glossema
929 3277 1033 3343 suspicor
1044 3278 1111 3329 fuist
1155 3310 1157 3329 1

236 3335 267 3384 ad
280 3341 362 3386 Grata
372 3337 442 3400 verba
453 3371 461 3393 ,
482 3341 645 3397 derasum,
659 3345 808 3399 βλάμματα.
826 3357 871 3391 nec
881 3357 956 3399 vero,
971 3358 1028 3392 curn
1038 3340 1117 3393 dixis*

234 3398 269 3448 set
279 3401 341 3459 jam,
357 3403 497 3448 emolumenta
506 3404 533 3455 dr
543 3404 671 3452 detrimenta
681 3439 689 3461 ‚
712 3403 815 3475 sumsisse
824 3405 969 3455 Ciceronem
979 3404 1108 3457 verisimile

230 3461 277 3522 est,
292 3479 386 3530 quorum
396 3466 559 3532 asrrraprasrmt
575 3500 584 3525 ,
597 3470 755 3519 atteramur.
788 3472 812 3523 Ρ,
822 3472 914 3519 Manat.
1027 3531 1112 3581 m
