2318 3914
206 157 289 242 2436
392 151 455 217 De
476 150 564 217 Flu.
584 116 683 216 Bou.
712 166 763 215 et
791 148 907 217 Mau.

243 271 283 329 V.
301 268 454 327 Prrcur
474 268 535 335 his,
554 268 669 343 inquit,
688 284 809 344 quorum
831 268 901 328 ratio
923 267 993 328 mihi
1015 272 1084 345 proi

206 349 303 416 batur,
322 345 485 422 simulatque
498 358 597 404 natum
611 343 643 402 fit
662 346 766 404 animal
780 345 855 422 (hinc
876 345 954 404 enim
975 344 1015 404 est
1038 362 1085 404 or·

208 422 354 498 diendum)
375 423 463 497 ipsum
483 420 530 480 srbi
559 421 699 480 conciliari
728 423 759 480 δε
785 421 980 481 commendari
998 419 1039 480 ad
1057 421 1085 482 se

69 492 162 592 '11aequ
210 498 453 568 conservandum,
472 497 548 557 &ad
561 497 639 556 suum
660 498 784 569 statum,
809 501 860 558 r&
882 498 918 557 ad
939 516 996 567 ea,
1018 502 1086 576 quae

60 559 77 607 ‘¹
97 610 122 655 r.
143 577 169 655 3:
209 576 397 636 conservantia
411 575 471 634 sunt
485 575 543 650 ejus
556 574 655 644 statiis,
675 574 835 651 diligenda:
855 575 965 634 alienari
987 588 1086 634 autem

208 653 242 712 ab
257 654 368 713 interitu
401 654 489 727 iisque
512 650 608 720 rebus,
628 668 693 726 quae
707 653 850 711 interitum
872 650 1021 711 videantur
1046 652 1110 710 af·'

209 731 289 792 ferre.
328 731 357 788 id
370 730 407 788 rta
423 726 476 787 effe
491 725 527 785 fic
542 728 682 803 probant,
709 727 787 805 quod
808 727 871 788 ante
892 726 980 805 quam
1004 726 1088 787 volu·-

210 817 268 882 ptas
296 816 342 864 aut
367 805 446 864 dolor
461 804 595 880 attigerit,
615 804 736 864 salutaria
750 816 880 882 appetant
914 805 1088 879 arvi,asper·

205 892 366 958 ,nenturque
380 882 524 940 contraria.
549 881 626 957 quod
640 898 700 941 non
715 881 809 951 fieret,
829 880 878 941 nisi
891 823 992 951 iatum
1007 880 1089 940 suum

213 956 372 1033 diligerent,
392 959 535 1017 interitum
549 961 688 1017 timerent.
727 957 787 1016 fieri
800 968 894 1016 autem
908 975 969 1016 non
987 955 1089 1032 pollet,

215 1046 246 1094 ut
261 1044 422 1111 appeterent
434 1033 553 1110 aliquid,
573 1033 623 1093 nist
636 1033 742 1093 sensum
757 1034 889 1092 haberent
909 1034 949 1092 sui
965 1075 974 1102 ,
996 1051 1090 1121 eoque

69 1118 86 1152 ²
98 1098 168 1174 &sua
216 1112 243 1170 se
269 1110 320 1169 l&
342 1114 386 1168 sua
401 1110 554 1186 diligerent.
592 1128 627 1168 ex
642 1128 699 1186 quo
713 1110 828 1185 intelligi
849 1109 956 1180 debet,
976 1120 1090 1186 ”ptru-

67 1164 140 1273 Ἠ,
150 1178 174 1209 '²'
219 1188 322 1263 cipium
337 1187 451 1245 dudum
468 1184 520 1244 effe
546 1185 563 1244 a
586 1186 614 1244 se
627 1186 765 1262 diligendi.

115 1261 123 1341 ᾗ
177 1304 187 1344 ¹
259 1264 291 1322 In
304 1264 363 1339 plin
384 1265 389 1273 '
411 1264 441 1321 iis
455 1275 547 1321 autem
564 1263 725 1322 naturalibus
748 1261 897 1338 *diligendi
910 1260 950 1321 sui
966 1263 1091 1340 plerique

70 1361 200 1426 adillgan·
221 1339 306 1398 Stoici
328 1358 367 1398 no
406 1350 503 1415 putant
523 1338 695 1414 voluptatem
710 1336 763 1398 elle
784 1338 953 1415 ponendam.
984 1341 1093 1416 'quibus

72 1426 164 1479 doctri.
221 1433 274 1492 ego
296 1416 478 1475 vehementer
497 1413 647 1474 assentior:
675 1434 735 1484 ne,
760 1415 780 1474 fi
801 1415 975 1490 voluptatem
995 1429 1094 1475 natura

220 1490 336 1569 posuisse
349 1494 377 1551 in
392 1493 423 1550 iis
438 1491 515 1567 rebus
529 1490 654 1551 videatur
669 1534 678 1561 ,
697 1510 762 1568 quae
783 1491 880 1566 primae
901 1498 1069 1567 appetuntur
1083 1532 1092 1561 ,

222 1569 309 1627 multa
322 1569 409 1643 turpia
424 1567 578 1643 sequantur.
616 1567 675 1626 satis
692 1565 745 1627 elle
760 1581 852 1626 autem
874 1569 1032 1642 argumenti
1051 1568 1094 1626 vi·

223 1645 320 1714 detur,
340 1644 521 1721 quamobrem
535 1643 597 1714 illa,
617 1661 681 1720 quae
695 1641 790 1704 natura
808 1646 895 1718 prima
908 1644 970 1703 sunt
990 1642 1093 1703 ²lasci·

224 1732 275 1790 ta,
301 1718 397 1779 naturd
425 1720 591 1795 diligamus3
619 1722 696 1796 quod
725 1721 762 1778 est
784 1720 894 1790 nemo,¹
914 1721 1003 1797 quin,
1025 1719 1091 1778 crim

225 1799 361 1873 utrumvis
374 1798 477 1864 liceat,
499 1809 572 1872 aptas
591 1797 668 1855 malit
694 1798 723 1855 ὃ(
745 1798 862 1872 integras
884 1806 980 1855 ornnes
1000 1807 1089 1869 partes

223 1875 346 1949 corporis
373 1872 458 1951 quim
487 1872 589 1931 eodem
620 1873 668 1931 usu
702 1874 862 1932 imminutas
896 1882 943 1932 aut
972 1869 1092 1931 detortas

196 1940 206 1963 '‘
221 1948 330 2008 habere.
352 1961 479 2008 ²4rerum
494 1961 589 2008 autem
604 1949 793 2024 cognitiones;
814 1950 875 2018 vel,
896 1948 916 2007 fi
935 1948 998 2007 h'aec
1010 1947 1096 2025 rerba

223 2040 270 2083 aut
284 2025 374 2084 minus
388 2026 510 2100 placent,
531 2038 577 2083 aut
591 2026 680 2084 minias
693 2026 879 2101 intelliguntur
895 2068 905 2093 ‚
924 2024 1098 2089 admiraldum

140 2124 144 2135 ¹
223 2103 392 2177 appellemus
405 2103 485 2160 licet:
508 2118 553 2160 eas
567 2102 648 2176 igitur
668 2101 734 2176 ipsas
756 2116 867 2178 propter
887 2101 913 2159 se
934 2099 1097 2160 asciscendus

106 2191 112 2200 ·
225 2180 402 2246 arbitramur,
422 2176 499 2253 quod
514 2176 632 2236 habeant
648 2178 780 2254 quiddam
795 2181 824 2236 in
838 2179 865 2236 se
880 2176 955 2255 quasr
974 2177 1099 2253 comple·

226 2272 295 2313 xum
310 2256 339 2312 δι
353 2255 498 2312 continens
512 2255 666 2312 ueritatem.
703 2255 732 2313 id
747 2266 840 2314 autem
855 2257 884 2312 in
907 2254 997 2329 parvis
1020 2252 1100 2312 intel·

227 2330 273 2404 ligi
288 2330 376 2403 potest
384 2352 392 2396 ;
413 2347 483 2405 quos
499 2329 626 2388 deledlari
641 2331 800 2401 videamus,
813 2332 896 2390 etiam
911 2329 931 2388 sr
945 2347 1048 2390 eorum
1061 2330 1101 2389 ni·

225 2405 268 2470 lus
281 2405 402 2477 intersit,
422 2405 522 2482 siquid
537 2407 642 2467 ratione
657 2408 746 2485 perse
760 2407 809 2489 ipsi
822 2409 1000 2468 inuenerunt.
1048 2483 1076 2544 A

1076 2500 1102 2543 1·

261 2664 300 2714 '22.
317 2654 451 2723 Principium
462 2664 550 2712 dullum
565 2665 602 2725 effe
612 2666 628 2711 :2
637 2667 662 2726 sa
672 2666 787 2729 diligendo.
799 2668 823 2714 in
829 2668 944 2729 principiis
955 2672 1032 2716 aulem
1042 2679 1104 2715 m

233 2728 316 2776 ralilus
324 2729 421 2789 plerique
430 2728 540 2784 &arlia
550 2730 637 2791 opinor
647 2729 774 2792 legendum
784 2745 814 2778 ex
824 2727 998 2794 manuscriptae
1016 2731 1045 2779 in
1055 2733 1105 2779 rul-

233 2789 295 2855 garis
307 2803 386 2838 autem
401 2787 521 2839 abundant
537 2790 608 2840 verba
618 2793 723 2852 diligendi
733 2795 790 2853 sui:
819 2796 845 2843 δι
863 2806 906 2857 pro
926 2794 1038 2858 diligendo
1055 2793 1106 2843 seri-

235 2864 303 2973 qquqrr
321 2852 354 2902 est
376 2851 504 2916 diogeno,
531 2867 604 2918 quam
624 2855 755 2906 rectionem
774 2856 869 2907 notavit
885 2857 960 2907 etiam
980 2857 1106 2908 Metellus.

261 2933 310 2967 rm.

272 2996 310 3033 23.
328 2984 358 3027 Α
365 2982 387 3040 se
397 2986 430 3029 ira
439 2981 517 3030 naara
528 2982 583 3041 dil]
597 2980 659 3038 Alli,
676 2983 766 3042 ascita.
784 2988 815 3032 Et
826 2981 923 3047 quidem
934 2994 1034 3049 apparet
1045 2981 1108 3034 sacili

240 3041 336 3104 levique
347 3058 473 3094 momento
485 3043 589 3093 accidere
605 3043 716 3108 poluisse,
727 3060 751 3095 ut
766 3047 877 3096 alterutra
889 3044 985 3110 scriptio
994 3049 1021 3096 in
1032 3047 1110 3096 arelao-

240 3116 300 3166 rypo
312 3118 403 3168 reperta
412 3110 445 3157 ita
456 3121 608 3158 mutaretura
619 3107 714 3157 librario
725 3125 732 3156 ι
748 3122 800 3159 utra
809 3122 891 3161 tamen
902 3109 1110 3177 retinendaporim

243 3166 290 3217 effe·
301 3168 407 3219 rideatur
423 3186 473 3219 non
484 3170 556 3220 ausim
573 3172 731 3234 pronuntiare.
765 3180 846 3224 ωπον.

275 3247 313 3290 ²4
330 3237 411 3295 Rerum
421 3248 490 3281 aurem
503 3239 645 3298 agnitione]
666 3236 703 3283 sic
715 3235 806 3300 aliquot
817 3237 932 3301 Palatini}
950 3239 976 3288 δι
988 3236 1049 3288 verb
1060 3249 1111 3287 cum

244 3291 366 3355 sequatur,
376 3296 397 3352 fi
408 3301 448 3344 hac
458 3299 523 3344 verba
534 3311 572 3347 aur
582 3302 654 3345 minus
662 3300 758 3361 placent,
774 3300 820 3349 suit
831 3298 893 3350 certe
905 3301 957 3363 plus
967 3316 1020 3351 uno
1033 3300 1110 3351 veruo.

242 3355 322 3417 itaque
332 3356 443 3409 omissum
455 3361 540 3410 merito
551 3363 666 3410 revocavi.
684 3363 888 3423 quemadmodum
897 3363 1015 3415 etiambia
1026 3360 1114 3430 reposui

244 3422 356 3469 voculam
367 3436 417 3479 aar,
435 3423 498 3472 suasu
508 3425 635 3475 earundem
647 3424 853 3490 membranarum
868 3427 924 3483 cum
934 3424 1011 3482 semel
1021 3438 1113 3478 tamum

243 3483 439 3556 representassent
450 3487 505 3541 edd.
516 3489 625 3556 uulgata.
647 3491 746 3544 uram.

949 3536 953 3541 ’
1006 3555 1115 3625 2⁵·Q1.
