2318 3914
209 133 292 197 2320
392 115 927 200 AcantioQuresrtorruoc
1012 188 1016 194 ,

207 219 262 277 63ὲ
276 223 389 298 regione
402 227 481 285 nobis
497 270 505 297 ,
525 225 541 286 ὲ
555 229 689 288 contraria
705 232 780 304 parts
798 238 903 295 terrae,
923 222 953 279 ⁶4
961 222 1014 298 qui
1033 218 1083 280 ad·

206 297 287 356 verfis
302 301 416 376 vestigiis
428 303 498 361 sient
511 317 606 363 contra
620 305 709 363 nostra
723 303 849 379 vestigia,
868 320 939 379 quos
953 299 1084 373 Antipo-

60 382 201 436 i·suscense·
211 372 257 431 das
272 376 396 436 vocatis?
416 396 464 436 cur
478 380 546 438 mihi
561 383 646 457 magis
661 379 833 438 isuccensetis
848 422 857 450 ,
877 380 926 456 q'ui
947 374 999 435 ista
1020 392 1082 433 non

59 451 153 499 tisMS·
210 449 354 524 aspernor,
374 453 457 529 quim
474 457 528 525 eis,
548 459 620 533 qui,
640 456 703 515 cion
726 455 861 525 audiunt,
881 452 1008 528 desipere
1030 467 1084 509 vos

210 530 370 586 arbitrantur
384 532 395 586 ?
414 530 441 584 ⁶5
452 535 563 591 Nicetas
577 533 747 609 Syracusius,
766 546 797 591 ut
811 525 1082 611 deTheophrastus

210 603 327 672 caeluni,
346 605 449 677 solem,
469 608 581 678 lunam,
600 609 700 678 stellas,
720 607 813 683 supera
827 607 946 683 denique
960 604 1082 671 omnia,

156 696 158 703 ·
211 676 278 737 stare
293 682 399 741 censet:
420 703 511 760 neque
535 698 633 761 praeter
655 697 755 744 terram
776 702 835 742 rem
849 684 932 741 ullam
948 681 976 738 in
995 696 1084 738 mun·

210 754 248 812 do
262 759 386 815 moveri:
407 778 470 835 quae
484 761 547 820 ciam
563 763 665 819 circum
681 779 761 820 axem
775 760 802 818 se
816 761 922 818 summa
936 758 1084 816 celeritate

62 841 173 910 tquaefi
211 845 354 891 convertat
387 837 416 893 &
444 851 594 914 torqueat,
615 839 712 896 eadern
735 837 806 895 effici
825 837 946 917 omnia,
979 829 1083 909 aquati

63 912 114 960 atti.
211 906 295 966 stante
310 922 378 967 terra
392 914 491 973 caelurn
508 927 675 973 moveretur.
712 926 794 990 atque
815 913 869 970 hoc
885 913 969 969 etiam
987 910 1081 967 Plato·

213 986 322 1043 nemin
344 988 459 1048 Timaeo
482 989 573 1049 dicere
593 990 705 1068 quidam
726 991 902 1058 arbitrantur,
921 987 968 1045 sed
984 983 1083 1118 paulpp

1031 1079 1051 1118 ο

205 1262 236 1297 an
246 1247 319 1298 essent
328 1251 370 1298 ulli
382 1249 623 1321 antipodes,potuille
634 1248 682 1300 sciri
690 1285 696 1306 ,
705 1248 743 1299 sed
755 1249 839 1299 dosios
846 1247 956 1297 hominos
966 1260 1012 1296 eos
1022 1243 1079 1300 esse,

206 1310 330 1360 eratione
346 1315 402 1362 coeli
422 1314 552 1373 conjecisse.
585 1315 624 1363 hic
639 1315 761 1362 Ciceronis
780 1311 934 1361 Academicus
951 1312 986 1358 ait
1010 1306 1078 1366 esse,

205 1374 313 1435 quicum
325 1375 354 1424 de
367 1378 413 1424 illis
428 1376 569 1441 disputantes
586 1375 681 1425 audiunt
702 1378 810 1430 Stoicos,
834 1373 936 1437 despexe
952 1386 997 1420 eos
1014 1371 1079 1421 arbi·

206 1448 302 1486 crentur.
336 1440 469 1489 Plutarchus
478 1442 503 1488 in
513 1439 589 1496 libro,
610 1437 693 1503 quiest
705 1439 758 1497 slipi
773 1440 804 1486 et
817 1438 969 1493 lunensium
987 1437 1078 1495 ulmi·

207 1516 239 1547 πυ
257 1500 293 1549 πεῖ
304 1503 378 1560 adop
395 1503 433 1551 si<
450 1509 543 1554 σελήνης.
574 1501 716 1551 Pharnacem
727 1500 880 1565 pronunciare
891 1498 962 1557 facit,
978 1510 1034 1561 quae
1045 1496 1078 1545 de

205 1561 255 1609 illis
265 1562 389 1618 dicantur,
406 1578 516 1625 portenta
525 1563 578 1613 esse.
612 1579 639 1612 ea
651 1565 769 1611 Lucretius
778 1561 856 1611 irridet
867 1560 908 1611 lib.
921 1576 940 1610 1.
963 1564 1080 1625 Geogra-

207 1623 267 1697 phos
277 1625 363 1673 nobilis
374 1625 479 1674 dubitare
490 1627 512 1675 se
523 1627 592 1682 dicit,
608 1636 641 1674 an·
650 1625 694 1673 sint
704 1626 759 1682 ulli,
776 1625 919 1688 Pomponius
930 1624 1007 1673 Mela.
1018 1620 1078 1685 quid

206 1688 250 1734 rlle
260 1688 336 1735 homo
348 1704 397 1736 non
407 1688 476 1736 fuerit
488 1689 565 1746 ausus,
583 1691 624 1752 qni
639 1703 712 1752 nuper
727 1692 750 1736 in
768 1688 940 1751 augustinum,
956 1699 1079 1747 quantum

208 1750 284 1798 virnrn
294 1753 319 1799 in
329 1752 397 1799 omni
407 1766 492 1815 genere
502 1753 632 1808 dosirinae,
658 1766 707 1798 non
721 1749 796 1800 solum
811 1754 836 1800 in
848 1748 1018 1812 Theologicis!
1037 1763 1081 1798 au·

207 1811 245 1860 sus
255 1812 287 1860 est
299 1814 395 1870 invehi,
413 1814 478 1875 quod
488 1815 563 1862 homo
573 1814 711 1876 Theologus
727 1816 751 1861 in
764 1829 788 1861 re
800 1815 824 1862 dt
843 1812 956 1861 sententia
972 1826 1079 1877 geogra-

205 1873 276 1937 phica
287 1875 342 1927 illos
352 1877 457 1924 aristores
468 1877 555 1925 secutus
568 1874 630 1927 esset.
664 1874 728 1938 quast
744 1874 812 1923 fuerit
830 1877 892 1923 illins
907 1872 1016 1923 divinare
1032 1890 1079 1939 po·

206 1937 270 1993 tius,
292 1936 349 2000 quid
366 1938 436 1987 nostri
458 1939 587 1995 homines,
613 1953 714 2003 quornm
737 1937 926 2002 navigationibus
951 1934 1097 1987 historiam‘

205 1999 301 2048 illarum
313 2002 437 2064 regionum
446 2001 596 2059 haberemus,
612 2014 663 2050 tam
674 2000 754 2049 multis
764 2000 844 2049 seculis
854 2000 904 2063 post
916 1998 946 2047 de
958 1999 1078 2051 hisessent

209 2064 331 2112 narraturi.
365 2069 390 2112 P.
404 2065 478 2114 Faber.

240 2132 277 2180 63.
297 2131 411 2188 Eregione
426 2129 506 2183 nobis,
537 2126 669 2174 e'conrrari'a
682 2140 742 2190 parte
758 2138 816 2175 terra
832 2127 894 2182 the]
928 2124 975 2172 Pal.
990 2124 1037 2175 sec.
1054 2129 1080 2173 ι’»
1101 2174 1104 2179 ,

207 2191 301 2247 regione,
317 2188 377 2237 adeo
386 2201 411 2236 ut
423 2187 529 2245 dubites,
546 2188 645 2252 spurium
656 2189 814 2252 srrnepotius,
830 2188 1010 2249 e'regr'onenolis,
1026 2188 1076 2236 ane¹

207 2255 315 2297 contraria
322 2265 383 2315 parte
392 2264 466 2307 terrim
481 2250 536 2300 licet
546 2253 656 2302 ultimum
663 2249 817 2316 proscripserit
827 2265 871 2314 pro
882 2251 925 2298 tali
935 2250 1078 2302 Lambinus.

183 2356 186 2363 ,
207 2317 296 2363 Gruter.

239 2383 276 2433 64.
293 2374 889 2440 Qiadverfisvestigiisstmtcontranostravestigia.]
915 2375 1040 2437 Diogenes
1050 2376 1077 2425 irr
1101 2380 1106 2388 '

208 2437 355 2558 Pythagorpz
372 2431 437 2488 nim
451 2439 476 2488 al
494 2441 533 2490 atti
551 2442 704 2497 A'rst'rtusatt,
722 2438 761 2488 nei
777 2441 811 2486 nui
827 2435 879 2499 ipit
897 2435 975 2495 edne,
992 2438 1080 2493 stirme

205 2503 256 2549 aito.
290 2507 363 2551 vrm.

239 2570 276 2620 65.
293 2566 378 2610 Nicetes
388 2564 530 2623 Syracufius.]
552 2568 637 2613 Hicetas
651 2563 778 2629 legendum
788 2574 855 2627 putat
866 2561 1010 2611 ottavianus
1020 2566 1078 2612 Fet·

205 2626 292 2680 rarius,
309 2623 430 2688 fingularis
445 2627 470 2675 bt
485 2625 597 2677 doerinae
608 2631 633 2677 dt
644 2627 766 2690 probitatis
775 2627 869 2681 horno,
885 2638 914 2673 ex
926 2629 1038 2690 Diogene
1049 2629 1077 2676 in

205 2686 307 2735 Philolai
319 2687 483 2736 Crotoniensis
493 2691 558 2747 vira,
576 2692 617 2753 qui
627 2693 659 2738 ait
670 2724 678 2747 ,
695 2690 803 2739 Hicetarn
814 2687 957 2751 Syracufium
969 2690 1077 2751 primurn

206 2747 298 2798 senisse
309 2782 316 2804 ,
332 2763 419 2799 terram
431 2752 456 2799 irr
466 2751 548 2801 orbem
559 2752 708 2802 circumferri.
731 2751 863 2800 Plutarchus
874 2764 969 2824 qnoque
978 2751 1075 2803 lib.rrt.

208 2814 263 2865 Πιρὶ
279 2815 322 2860 nair
339 2814 471 2868 ituantem
488 2813 536 2866 τοῖς
552 2816 694 2870 ornationis,
709 2815 805 2869 detinni,
820 2826 945 2869 nominat3
960 2810 999 2861 sed
1006 2828 1078 2863 men·

205 2871 264 2922 dole
278 2906 286 2929 ,
302 2876 379 2939 priore
395 2875 499 2923 nominis
517 2876 622 2939 syllaba,
647 2891 688 2939 per
707 2889 810 2924 errorem
831 2875 936 2932 librarii,
958 2874 1077 2928 mendose

203 2934 294 2999 scripta.
317 2937 425 2993 Eusebius
439 2936 480 2986 lib.
494 2951 532 2987 xv.
559 2938 712 2998 Ehapptrtroic
730 2937 934 2996 pronuntiaretis,
956 2937 1077 2991 Plutarchi
1112 2994 1118 3001 ι

203 2997 285 3047 locum
300 2999 349 3048 fere
364 3014 442 3048 totum
460 3012 573 3057 mutans,
594 3001 690 3049 l‘adtw
705 2999 769 3048 dicit.
803 2999 886 3060 quiesi
900 2998 1075 3053 emendandus.
1117 3026 1121 3033 ·

203 3060 281 3108 Potest
292 3075 371 3110 autem
383 3062 429 3111 dici
440 3065 465 3111 δι
477 3066 577 3120 Hicerat,
593 3060 719 3124 quomodo
729 3060 790 3125 apud
801 3063 935 3126 Diogenem
945 3079 953 3119 5
971 3065 997 3111 δι
1009 3068 1078 3110 Hice-

205 3135 248 3178 τις,
266 3124 390 3185 quomodo
398 3124 460 3188 apud
470 3125 631 3183 Plutarchum,
647 3127 672 3173 ἃ
684 3126 775 3174 Dorica
783 3125 867 3189 lingua
877 3124 922 3175 usu.
939 3132 975 3173 «Α.
986 3129 1079 3179 Meum.

210 3189 318 3242 ilicium]
332 3192 367 3234 Ita
382 3186 430 3234 duo
441 3186 511 3236 codd.
523 3189 620 3251 scripti,
640 3203 700 3249 quos
712 3188 852 3236 Gulielmius
862 3191 931 3243 citat,
947 3190 1079 3250 quomodo
1105 3230 1112 3245 ,

210 3247 385 3296 emendandum
397 3248 492 3311 putabat
505 3251 617 3298 Oilavius
626 3252 740 3299 Ferrarius
752 3250 812 3314 apud
824 3255 846 3298 P.
862 3252 1077 3307 Mantrtium,hdr.

212 3308 335 3358 Turnebus
352 3309 455 3360 lih.xr1.
473 3310 568 3360 Advers.
585 3326 635 3375 cap.
650 3322 684 3362 ra.
713 3317 819 3360 Muretus
830 3312 870 3361 lib.
881 3328 916 3362 xr.
935 3316 988 3361 vat.
1005 3316 1077 3369 Lesh.

210 3385 261 3433 cap.
272 3388 306 3433 14.
324 3375 371 3485 1³31.
384 3372 458 3425 secun.
471 3374 525 3424 huic
534 3372 647 3439 scriptura
660 3374 763 3434 alludit,
788 3376 813 3424 in
825 3388 874 3437 quo
884 3381 934 3424 lice.
945 3387 996 3424 eres.
1007 3380 1077 3444 vulg.

211 3439 304 3486 Nicetes.
361 3448 429 3487 tuter.

971 3510 1009 3554 ts.
1027 3492 1074 3569 rag·
