2318 3914
273 109 467 175 Lrneu
510 110 760 176 Purnus.
884 104 966 187 2581

80 212 142 287 post
156 224 277 272 mortem
292 214 382 273 lutura
398 213 458 272 bnt.
497 214 563 271 serit
578 212 681 271 arbores
697 255 705 281 ‚
726 234 778 290 qua
791 212 871 271 alteri
880 218 958 281 lacu-

80 292 105 344 lo
115 288 233 376 proflua
251 290 280 343 ⁶3
291 304 320 349 ut
334 292 371 349 ait
387 291 484 349 Statius
498 291 526 347 in
535 291 719 365 Synephebis:
740 290 808 363 quid
822 288 954 365 spectans,

77 368 129 422 nili
144 368 226 424 ctiam
240 366 346 441 postera
361 366 458 425 saecula
471 366 506 424 acl
520 368 546 422 l'e
566 368 701 442 pertinere
715 365 729 423 ἓ
749 366 823 440 Ergo
841 366 951 423 arbores

78 441 166 499 ⁵l'crct
180 441 293 518 diligens
315 444 459 517 agricola,
478 460 596 518 quarum
618 442 745 516 adspiciet
764 444 876 498 baccam
892 440 969 514 ipses
984 450 1037 501 serit

76 535 248 594 numquam:
268 520 349 576 ⁶4vir
363 538 477 593 maguus
491 522 581 592 leges,
601 519 718 576 instituta
733 560 743 585 ,
762 518 790 570 ⁶5
800 516 1011 591 rernpuui-MS·

76 611 138 651 cam
153 613 212 653 non
226 594 316 654 seret?
337 596 414 669 Quid
429 597 584 670 procreatio
605 596 753 651 liberorum
771 635 780 661 ,
799 594 866 669 quid
882 610 947 667 pro-

73 673 183 745 pagatio
196 673 335 740 nominis,
356 672 424 748 quid
437 670 466 711 ⁶⁶
474 672 638 746 adoptiones
652 669 771 729 filiorum
788 713 797 739 ‚
817 668 884 747 quid
896 682 947 802 qe-

920 762 948 803 a.

104 931 141 978 ⁶3·
159 928 192 969 vt
203 928 235 969 air
246 926 331 971 Statius
341 927 365 970 in
375 925 517 988 Synephebis]
548 923 603 971 l’all.
617 935 717 985 quatuor
734 925 758 971 br
771 923 845 973 Pithei
857 936 943 971 omnes

72 987 137 1034 clare
151 986 180 1034 ad
192 988 306 1043 oculum,
322 992 413 1037 Eurum.
434 986 539 1037 ceredam
552 987 640 1050 optimi
649 986 697 1035 duo
707 987 759 1034 libri
771 990 817 1035 l’al.
830 1000 906 1049 quart.
919 988 946 1037 dr

74 1048 144 1095 Fabr.
152 1050 254 1099 omuinb
261 1050 378 1099 abdicant.
396 1050 679 1107 &videturejiciendurm
697 1050 773 1099 modb
784 1066 880 1099 revoces
891 1065 947 1113 pro-

76 1110 221 1161 vocabulum
236 1116 278 1161 Ille
292 1128 331 1162 aut
348 1115 397 1163 tale
413 1113 487 1177 quid:
508 1126 547 1162 aut
563 1113 649 1162 reseras
663 1112 694 1161 ad
710 1111 809 1177 sequens
827 1116 946 1175 aAgrr'trls.

73 1173 196 1224 Gebhard.
227 1182 261 1223 'vr
269 1180 302 1223 ait
312 1180 398 1224 Statius
409 1179 432 1225 in
443 1179 587 1239 Synephebis]
601 1176 724 1225 Catilium
735 1178 836 1225 Statium
851 1176 909 1224 dicit
919 1177 947 1224 in

71 1238 205 1286 Comoedia
225 1240 322 1288 clarum.
355 1242 393 1288 cui
407 1242 514 1303 palmam
532 1238 596 1291 dedit
611 1240 730 1288 Vulcatius
745 1239 861 1303 Sedigitus
881 1238 945 1301 apud

71 1302 179 1350 Gellium
191 1306 224 1351 N.
238 1310 269 1351 A.
285 1302 372 1354 libnv.
390 1317 458 1364 c.24.
474 1302 504 1351 de
515 1306 578 1359 cujus
595 1305 667 1351 eriam
678 1305 778 1352 nomine
793 1302 872 1350 videns
887 1304 944 1350 licet

69 1362 113 1411 lib.
124 1379 158 1413 ιν.
175 1378 226 1427 cap.
238 1382 277 1413 20.
299 1368 356 1414 Pall.
372 1382 474 1429 quatuor
490 1368 515 1415 δι
532 1380 629 1428 uterque
646 1368 743 1415 Nori-ic.
765 1366 836 1413 Ennii
853 1379 945 1415 nomeu

89 1441 117 1473 rae
129 1426 151 1475 l'e
161 1427 253 1477 ferunt:
269 1428 383 1477 l’etrcnsrs
394 1430 409 1477 ‘a
419 1434 495 1494 prima
508 1443 594 1484 uranu,
610 1444 663 1476 cum
676 1429 728 1477 aliis
743 1429 882 1485 nonnullis,
899 1444 942 1475 er-

68 1439 149 1545 Eiber,
159 1504 184 1537 ut
193 1496 225 1537 ιιί
235 1494 259 1538 in
275 1495 417 1555 djynephelis,
433 1508 506 1558 quam
517 1506 596 1540 veram
611 1490 657 1539 elle
673 1488 808 1555 scripturam
818 1492 942 1539 contendit

68 1550 145 1615 Janus
157 1553 307 1610 Gcblrardus‚
323 1556 399 1604 modo
411 1570 545 1619 pronomen
556 1556 595 1602 ille
610 1554 648 1602 vel
663 1555 712 1601 tale
730 1552 788 1617 qnid
803 1568 945 1611 reuocetur,

69 1628 97 1661 ut
109 1613 222 1666 subaudiri
232 1616 303 1679 pollit
316 1628 344 1665 «a
357 1621 442 1676 ricorde
457 1620 494 1668 cui
504 1617 615 1682 equidem
630 1632 680 1665 non
698 1616 816 1667 adleatior
830 1632 836 1664 τ
853 1631 897 1665 nec
913 1616 943 1664 ils

69 1678 144 1727 etiam
157 1684 221 1732 MSS.
233 1679 307 1729 fidem
318 1680 348 1729 ha
366 1684 439 1737 eo,in
451 1682 535 1746 quibus
543 1679 663 1739 est‚unie
672 1685 756 1727 Ennius
767 1684 791 1727 in
800 1681 940 1737 b'rneplulis3

71 1741 177 1791 Ennium
187 1744 252 1791 enim
263 1760 322 1807 opus
333 1746 380 1793 boc
391 1746 462 1795 titulo
472 1742 609 1807 insignitum
619 1741 727 1807 scripliss'e
738 1758 787 1791 non
795 1742 900 1799 constan
916 1756 942 1791 ac

67 1805 192 1854 Caruilium
202 1808 226 1854 in
237 1807 381 1871 Synephebis
392 1808 471 1856 laudat
482 1808 577 1859 Nonius
589 1806 715 1855 Marcellus
724 1822 745 1855 u.
764 1808 844 1853 callum
855 1820 906 1867 cap.
919 1822 942 1861 3·

68 1870 180 1917 Praeterea
191 1871 276 1919 Cicero
287 1870 317 1918 de
328 1870 418 1921 Senest.
430 1884 481 1934 cap.
492 1887 515 1929 7.
532 1871 594 1919 htmc
606 1866 680 1933 ipsum
692 1867 782 1919 versum
793 1871 826 1918 ita
837 1869 943 1932 profert:

207 1935 266 1981 Serit
278 1938 375 1990 arlorrs,
386 1950 430 1998 qua
441 1935 506 1983 elteri
520 1934 594 1994 facule
606 1933 704 1993 prostat,

68 2004 94 2040 ul
105 1998 139 2040 air
149 1996 235 2041 Statius
246 1996 312 2055 noster
322 2002 344 2043 in
355 1999 486 2059 Synephebis.
506 1999 552 2046 Ubi
564 1995 656 2045 codices
666 1994 726 2042 nibil
740 1992 850 2050 variant,
873 1994 940 2058 quod

66 2070 188 2119 receptam
198 2058 327 2108 lettionem
340 2061 433 2109 abunde
442 2073 533 2118 tuetur3
549 2074 593 2108 nec
604 2059 691 2121 lanum
703 2061 830 2105 Gruterum
840 2055 941 2119 sequor,

67 2119 111 2183 qui
124 2120 193 2170 libr.
209 2126 241 2171 N.
251 2128 279 2170 D.
297 2135 376 2186 capo.
394 2124 433 2173 ubi
448 2123 532 2173 eadem
549 2123 628 2171 fabula
643 2122 746 2177 citatur,
768 2120 836 2169 Statii
849 2135 941 2169 nomen

67 2186 226 2242 exterminat,
241 2186 296 2234 licet
308 2187 334 2233 in
345 2186 467 2236 nonnullis
477 2186 541 2235 libris
553 2185 688 2239 omittatur,
704 2184 730 2232 in
739 2182 791 2231 aliis
802 2183 908 2241 Plautus,
916 2184 941 2232 in

68 2247 121 2295 aliis
133 2249 256 2297 Terentius
267 2263 382 2299 erraretur.
416 2250 530 2309 Davrfius.

100 2318 138 2366 64.
158 2317 196 2357 Vir
206 2329 294 2375 magnus
303 2317 368 2370 letes,
380 2314 492 2374 imbrum,
500 2319 572 2375 llemp.
590 2311 697 2371 conform]
709 2313 773 2372 ‘Reim
784 2310 855 2355 condet
865 2308 898 2357 est
913 2310 940 2359 in

68 2371 227 2437 manuscripto
236 2375 342 2439 quodam
354 2376 433 2434 libro,
448 2376 531 2424 retlius
546 2375 670 2437 aliquanto
695 2378 769 2436 qu‘anr
788 2373 813 2419 in
825 2371 942 2436 vulgatis,

67 2434 107 2483 sed
120 2451 169 2483 non
181 2441 249 2501 plene
259 2438 379 2489 satisfacit.
396 2455 438 2502 par
448 2441 499 2503 pari
510 2451 589 2487 aurem
602 2440 686 2485 melius
698 2433 864 2500 responderet,
883 2440 939 2497 Ergo

66 2515 149 2544 arbores
155 2501 210 2558 seret
219 2504 309 2565 diligens
320 2506 413 2565 agrr'rels
424 2537 432 2560 ‚
453 2520 545 2565 quarum
556 2501 642 2564 aspicie-t
658 2502 740 2547 baccam
757 2500 799 2559 ipse
809 2515 917 2559 autequam
930 2515 941 2544 .·

65 2564 106 2606 vir
116 2578 203 2621 magnus
213 2564 278 2626 leges,
294 2566 394 2617 inritata
404 2599 411 2623 ‚
427 2583 471 2631 qua
483 2567 567 2627 deseret.
584 2577 654 2627 atque
665 2564 713 2611 hac
724 2562 785 2613 nntn
793 2561 865 2610 leelio
877 2558 943 2625 opti-

68 2636 110 2671 ma
125 2622 222 2674 viderur.
251 2631 327 2683 vrsr'n.

102 2693 138 2741 65.
155 2692 230 2753 Qmp.
240 2692 348 2750 emiſsan]
377 2692 398 2739 Si
409 2689 441 2739 est
453 2726 460 2747 ‚
476 2703 502 2739 ut
513 2689 622 2745 viderur,
638 2702 803 2752 argumentum
814 2688 826 2734 d
838 2685 940 2742 minori,

66 2746 170 2797 dubitari
181 2752 294 2800 nonlicet
305 2786 311 2807 ,
329 2754 386 2816 quin
398 2756 483 2801 Cicero
494 2752 616 2817 scriplerit,
633 2759 678 2798 Non
684 2753 756 2811 seret?
773 2752 876 2798 mutatio
886 2750 940 2811 qui-

67 2810 123 2859 dem
137 2813 162 2860 in
176 2814 259 2861 litteris
270 2814 320 2864 t'er'e
331 2816 414 2871 nulla,
434 2820 460 2865 δι
470 2816 585 2865 sententia
595 2813 659 2877 qnasi
672 2816 752 2873 jacens
767 2814 893 2866 excitatur,
910 2812 940 2860 ab
1022 2842 1025 2849 -

66 2876 229 2939 interrogante
240 2879 371 2928 enunciata.
401 2878 513 2939 Ejusdem
531 2880 622 2943 generis
639 2877 716 2926 illud:
734 2882 789 2937 Ergo
799 2878 861 2921 miles
870 2874 942 2931 fame

64 2942 163 3001 poterit,
179 2941 251 2986 doetus
261 2946 300 2989 vir
306 2944 429 3005 sbriensque
439 2961 479 2988 non
488 2946 573 3006 pererit.
589 2946 631 2990 Et:
650 2947 694 2987 rAn
706 2942 792 2998 Scythes
804 2940 942 2998 „Anacharsee

61 3015 133 3064 porurt
147 3015 185 3065 pro
200 3006 268 3050 nihilo
281 3009 392 3067 pecuariam
403 3007 494 3063 ducere,
510 3005 610 3066 nostrates
622 3005 739 3067 pbilostpha‘
748 3020 790 3049 non
804 3008 941 3063 potuerunt?

65 3069 96 3112 Et
109 3065 162 3113 alibi
173 3064 237 3130 sape.
255 3072 281 3115 Ρ.
293 3070 380 3117 Manus.
411 3074 486 3130 remp.
498 3086 538 3114 non
550 3069 638 3129 serere]
659 3067 696 3114 Sic
712 3064 854 3129 legendum,
874 3079 940 3120 non,

66 3140 91 3176 ut
103 3127 127 3175 in
139 3128 195 3180 libb.
208 3131 287 3194 vulgg.
304 3132 398 3191 conseret.
413 3150 454 3178 non
464 3132 519 3190 feret
535 3131 600 3179 enim
614 3127 702 3177 habent
714 3142 797 3177 omnes
812 3127 869 3183 libb.
880 3140 940 3179 vett.

65 3204 127 3252 quos
137 3190 198 3247 vidi,
214 3209 268 3241 cunr
279 3194 471 3258 interrogationis
488 3206 553 3242 nota.
587 3206 695 3256 praterea
711 3192 803 3254 aliquot
814 3190 868 3241 libri
878 3192 941 3251 eius·

64 3255 122 3303 dem
137 3269 211 3313 uota,
225 3258 340 3317 instituta,
358 3259 447 3319 rnnpub.
460 3256 498 3304 ubi
511 3258 591 3321 vulgg.
603 3256 690 3305 habent
700 3254 798 3313 instituta
808 3258 861 3318 reip.
872 3252 940 3319 quod

64 3316 150 3384 probo.
168 3322 265 3369 lambis.

99 3388 138 3429 66.
154 3382 308 3443 adoptationes
313 3386 434 3445 filiorum]
449 3385 485 3433 Sic
496 3383 556 3431 reste
569 3387 617 3431 MS.
630 3387 728 3433 Notvic.
742 3382 786 3431 &d
799 3383 874 3443 prima
885 3394 939 3429 ma·

62 3462 97 3499 nu
108 3443 229 3501 l'etrealis.
245 3455 275 3501 A·
288 3450 379 3501 Gellius
391 3454 424 3503 N·
438 3458 465 3499 ι’..
483 3447 524 3495 lib.
538 3462 560 3494 v.
577 3461 628 3509 carp.
642 3462 677 3501 19.
696 3448 763 3515 Qud
775 3458 813 3510 per
830 3458 939 3511 pretori—m

480 3522 524 3561 c'cc
539 3528 580 3559 ccc
596 3527 652 3575 req
896 3514 925 3563 ,1⁴1¹
933 3536 940 3559 ι
