2318 3914
224 166 767 248 LineuQunurus.
849 184 937 253 2497.

47 274 118 333 haec
134 283 211 333 erant
225 271 360 344 dicenda,
380 273 447 331 Non
464 288 513 331 eos
527 272 576 330 ribi
590 289 650 331 non
671 270 800 346 probatos
814 314 823 343 ‚
849 276 931 335 tantis

51 350 172 427 ingeniis
191 351 319 411 homines
345 362 476 424 tantaque
490 349 677 415 auctoritate,
696 347 743 406 sed
755 360 783 407 te
804 351 931 411 animad-

51 425 179 497 vertisse,
218 444 265 487 uas
278 445 320 486 res
334 428 372 485 illi
394 438 506 500 propter
524 426 717 502 antiquitatem
738 441 836 498 parum
849 426 932 487 vidis-

52 503 133 573 sent,
153 444 225 563 εκεῖ
241 504 341 562 Stoicis
356 500 410 560 elle
424 500 574 578 perspectas
592 544 600 571 ‚
621 500 781 577 eisdemque
795 501 831 560 de
851 504 931 563 rebus
1027 563 1030 570 ,

50 581 107 639 hos
121 594 181 639 tum
194 580 299 639 acutius
312 575 475 647 disseruisse,
494 590 554 637 tum
569 575 674 637 sensisse
688 576 795 653 gravius
822 579 852 637 ὃ(
871 579 931 638 sor-

51 655 125 725 tius,
146 658 250 733 quippe
265 657 314 732 qui
358 655 458 714 rimbm
481 654 684 714 eualitudinem
707 653 811 713 bonam
845 671 931 731 expe·
970 667 996 715 Ρ.
1018 668 1044 714 u.

51 732 168 792 tendam
184 747 289 809 negent
303 750 319 790 e
342 730 536 806 e,eligendam
550 731 658 790 dicant:
679 748 738 789 non
752 733 816 808 quia
831 730 863 790 fit
877 733 953 791 bo·e
968 725 1072 803 quand.

53 827 125 868 num
140 808 249 878 valere,
270 808 314 866 sed
329 810 393 885 quia
407 806 438 867 fit
451 825 510 867 non
524 806 537 851 f
540 808 627 867 nihilo
642 806 850 867 aestimandum:
878 826 927 867 ne·
937 790 1037 902 {mem

54 902 114 1021 que
128 898 224 944 tamen
239 885 320 960 pluris
334 884 418 960 quim
440 885 510 943 uillis
531 883 701 954 hvideatur,
720 884 769 963 qui
782 883 849 944 illud
868 902 927 945 nou
940 866 1017 964 ἡ,

76 961 183 1021 ubitant
196 961 302 1020 bonum
317 962 417 1020 dicere.
437 962 505 1019 Hoc
518 959 587 1019 vcro
601 975 629 1020 te
643 962 714 1019 serre
727 979 787 1021 nou
822 960 928 1023 oruiffe.
970 976 1007 1025 illi
1018 978 1073 1026 MS.

54 1035 137 1114 quod
150 1038 255 1113 antiqui
269 1039 322 1107 illi,
341 1038 415 1114 quafi
429 1037 547 1106 barbati,
566 1050 598 1096 ut
621 1055 672 1096 nos
693 1036 728 1096 de
749 1055 788 1097 no
811 1038 845 1097 ris
858 992 956 1098 sorel
973 1038 1081 1092 videntur

56 1131 121 1173 mus
136 1114 244 1183 dicere,
262 1113 442 1182 crediderint,
460 1114 542 1187 ejus,
560 1114 609 1189 qui
629 1112 743 1173 honeste
756 1114 887 1184 viveret,
907 1105 1013 1176 sims-

56 1190 133 1250 idem
150 1192 180 1249 dc
194 1189 265 1250 bene
279 1191 397 1258 valeret,
417 1190 488 1249 bene
502 1189 624 1258 audiret,
644 1189 770 1266 copiosus
784 1187 867 1261 esset,
876 1208 930 1267 op·

55 1266 212 1326 tabiliorem
234 1267 296 1326 fore
317 1268 402 1327 vitam
429 1265 677 1343 melioremque&
697 1268 784 1343 magis
797 1280 932 1343 expeten-

59 1342 125 1401 dam
153 1343 237 1420 quim
266 1344 335 1402 illius
357 1386 366 1412 ,
393 1344 441 1419 qui
456 1342 537 1419 aeque
552 1344 593 1402 vir
612 1342 701 1402 bouus
726 1342 818 1404 multis
838 1343 930 1404 modis

63 1416 146 1488 effet,
167 1433 197 1478 ut
210 1421 292 1478 Ennii
307 1418 457 1487 Alcmae0,

139 1498 342 1555 circumventus
356 1496 459 1564 morbo,
478 1492 563 1570 exfilio
596 1510 675 1575 arque
689 1494 785 1573 inopiis

99 1573 141 1631 llli
160 1573 241 1648 igitur
262 1572 368 1648 antiqui
388 1589 446 1631 non
466 1583 525 1629 tam
546 1572 626 1631 acute
641 1574 833 1648 optabiliorem
854 1571 929 1633 illam
939 1580 975 1656 63

61 1651 148 1708 vitam
163 1662 275 1723 purant,
295 1648 526 1723 praestantiorem,
546 1650 708 1707 beatiorem.
736 1648 822 1707 Stoici
834 1660 929 1708 autem
961 1681 965 1690 ·
1062 1712 1065 1722 ,

63 1726 262 1784 tantummodo
292 1724 508 1800 praeponendam
531 1726 560 1782 in
585 1723 748 1800 seligendo,
775 1742 834 1784 non
855 1722 929 1802 iqud
942 1737 1084 1803 iquodatti.

62 1802 168 1860 beatior
181 1802 243 1859 haec
256 1803 313 1859 vita
327 1800 374 1869 su,
393 1800 438 1859 sed
453 1799 530 1876 qubd
545 1800 579 1859 ad
592 1814 718 1860 naturam
732 1802 932 1861 accommoda·

62 1880 136 1947 tior,
156 1878 186 1936 δι
198 1879 245 1954 qui
259 1878 389 1951 sapientes
411 1876 572 1945 nonium,
600 1895 699 1937 omncs
719 1876 800 1954 aeque
821 1878 933 1937 miseros

64 1952 128 2012 elle.
167 1954 252 2013 Stoici
269 1954 331 2011 lraec
346 1952 473 2013 videlicet
486 1953 622 2013 viderunt.
662 1955 723 2013 illos
736 1965 832 2012 autem
846 1954 875 2011 id
889 1955 935 2012 su·

63 2044 140 2105 gerat
154 2031 317 2105 superiores:
338 2033 385 2106 qui
400 2029 593 2087 arbitrabantur
612 2072 621 2100 ‚
641 2031 770 2089 homines
791 2029 933 2088 sceleribus

66 2110 97 2167 bt
111 2107 279 2184 ¹¹parricidiis
299 2108 454 2181 inquinatos
488 2105 574 2164 nihilo
595 2106 746 2166 miseriores
767 2103 820 2164 elle
846 2104 960 2182 quaml<
976 2112 1059 2175 parici-

65 2201 132 2253 eos,
151 2186 198 2259 qui
220 2182 282 2240 clim
305 2181 375 2239 carte
399 2183 429 2239 ὃ(
449 2181 553 2258 integre
567 2183 709 2253 viverent,
728 2182 856 2242 nondum
871 2176 1051 2256 per-diffl-

64 2260 168 2321 sestam
186 2260 257 2318 illam
272 2259 426 2333 sapientiam
445 2256 529 2316 essent
543 2260 692 2318 consecuti.
729 2272 812 2335 atque
825 2261 934 2318 hoclo-

64 2354 103 2395 co
117 2335 303 2395 fimilitudines
319 2353 379 2403 eas,
399 2336 495 2411 quibus
508 2336 601 2393 iliiuti
614 2336 701 2395 solent
719 2379 728 2408 ‚
748 2335 934 2395 dissimillimas

67 2414 232 2491 proferebas.

107 2490 178 2563 Quis
194 2490 268 2545 enim
282 2489 406 2561 ignorat,
427 2486 445 2543 sr
460 2486 547 2560 plures
562 2504 596 2544 ex
610 2487 666 2546 alto
681 2505 823 2562 emergere
832 2488 935 2559 velint,
947 2490 984 2562 64

65 2567 180 2642 propius
195 2566 254 2622 t'ore
269 2581 317 2621 eos
336 2565 449 2639 quidem
471 2562 505 2620 ad
524 2563 708 2638 respirandum
723 2608 732 2633 ,
752 2566 800 2642 qui
813 2563 848 2622 ad
861 2564 936 2622 sum·

67 2660 146 2701 mam
159 2641 216 2715 jam
233 2658 333 2714 aquarn
347 2640 583 2715 appropinquant,
601 2639 647 2697 sed
661 2643 748 2700 nihilo
763 2640 937 2716 magisrespi-

67 2736 129 2778 rare
145 2714 219 2791 polle
246 2715 332 2791 quim
355 2733 420 2783 eos,
439 2716 488 2790 qui
502 2715 603 2773 suntin
624 2716 792 2790 profundo?
811 2716 879 2774 nihil
894 2733 937 2774 er·

67 2812 108 2871 go
122 2794 234 2867 adjuvat
258 2792 407 2864 procedere
433 2792 462 2849 &
477 2792 603 2867 progredi
616 2792 646 2849 in
660 2794 759 2851 virtute
776 2835 786 2859 ,
805 2809 864 2867 quo
883 2794 937 2850 mi-
949 2789 973 2837 P·
989 2789 1077 2837 cxx1.

68 2870 119 2931 nus
134 2869 297 2926 miserrimus
313 2868 360 2935 sit,
380 2880 526 2942 antequam
544 2866 654 2925 adeam
669 2869 824 2943 pervenerit
839 2909 848 2936 ,
867 2885 940 2942 quo·
1048 2877 1051 2883 '

69 2949 146 3007 niam
161 2947 190 3004 in
206 2963 277 3020 aqua
292 2944 360 3002 nihil
373 2944 497 3017 adjuvat:
518 2944 694 3019 &quoniam
710 2944 809 3012 catuli,
828 2945 876 3018 qui
879 2945 940 3019 jam

69 3021 235 3097 ¹despeeiuri
258 3020 335 3086 stant,
355 3018 383 3071 6⁷
394 3021 462 3077 caeci
482 3019 563 3094 aeque
589 3021 618 3077 δι
638 3020 675 3090 ii,
702 3022 750 3096 qui
764 3020 853 3079 modo
866 3022 924 3079 nati
931 3029 960 3087 31
976 3028 1070 3101 dispari.

69 3098 214 3157 Platonem
235 3113 350 3173 quoque
369 3092 476 3154 necesse
503 3095 565 3164 est,
597 3098 731 3171 quoniam
751 3096 877 3156 nondum
898 3099 940 3155 vi·
952 3097 1029 3144 Lama.

73 3173 380 3308 qeblqtmsapientiam,
400 3169 481 3248 aeque
503 3187 611 3230 caecum
633 3174 729 3232 animo
747 3190 780 3232 ac
806 3175 977 3233 Phalarimm
991 3183 1071 3293 sqndd

90 3266 117 3306 [Η
139 3266 163 3308 θ.
952 3265 996 3313 qua
1014 3265 1041 3295 ,Ι
1070 3278 1079 3295 ο

834 3324 941 3387 xxiv.
956 3329 996 3359 Μ
1007 3312 1092 3362 ‘²³⁶³‘-

109 3454 147 3503 σγ.
166 3448 281 3509 facieque*
297 3451 323 3502 dr
334 3453 374 3512 is]
389 3449 645 3508 Aur&,hicnotatac;
660 3462 699 3502 aur
708 3448 871 3519 legendumne.
879 3445 941 3495 nihil

76 3508 110 3562 eil
119 3524 204 3564 tameo
213 3508 326 3578 scripture
334 3517 444 3575 variantis
455 3517 479 3567 in
491 3515 547 3563 rats.
565 3517 651 3561 Gruter.

484 3581 551 3651 lsxx
565 3593 621 3629 xxx
635 3590 680 3630 aa
825 3581 861 3625 68.
877 3570 945 3637 Queri
