2318 3914
202 112 456 196 ·1.1'nirrt
499 129 742 198 Primos.
868 130 949 213 2367

71 248 107 294 to
123 235 242 312 maiores
256 235 310 309 elle
325 240 355 296 &
370 239 523 312 voluptates
540 282 548 306 ,
569 238 721 298 &dolores
750 237 835 297 animi
862 237 949 313 quam

63 315 228 386 eorporis,
247 331 312 373 nam
336 331 454 389 corpore
475 315 566 382 nihil,
592 314 641 372 nisi
675 313 791 388 praesens
820 315 849 371 dc
871 314 949 390 quod

75 389 169 456 adest,
187 388 284 449 sentire
306 387 469 464 possumus:
509 391 606 448 animo
624 403 718 448 autem
745 391 774 447 δι
794 391 947 463 praeterita,

77 465 110 521 ὃ(
125 465 220 524 futura.
258 478 290 524 ut
304 467 380 524 enim
403 465 483 542 aequd
503 466 647 524 doleamus
667 466 786 532 animo,
805 464 868 523 cum
884 484 947 525 cor-

61 538 65 547 '
74 557 146 613 pore
162 542 303 611 dolemus:
325 541 385 599 fieri
399 556 493 600 tamen
507 559 657 618 permagna
672 541 785 619 accellio
800 540 903 614 potest,
924 541 946 601 fi

73 614 187 691 aliquod
201 632 339 677 aeternum
364 618 545 677 &inlinitum
561 616 723 692 impendere
744 617 880 675 malorum
895 635 946 676 no·

76 690 117 748 bis
132 696 290 768 opinemur.
328 695 406 769 quod
427 694 502 753 idem
522 694 588 753 licet
612 694 754 753 transferre
776 692 805 751 in
820 693 946 767 volupta-

79 779 160 837 tem,
180 782 211 828 ut
226 787 258 827 ea
275 769 433 844 majorfit,
452 770 472 828 sr
488 769 554 829 nilril
569 770 623 829 tale
639 782 802 828 metuamus.

113 844 176 914 Jam
190 845 256 904 illud
271 846 385 921 quidem
405 846 573 922 perspicuum
591 846 652 914 est,
679 848 831 905 maximam
860 845 945 903 animi
956 842 990 915 56

73 932 123 977 aut
138 921 309 996 voluptatem
326 964 334 991 ,
373 934 420 980 aut
440 922 591 982 molestiam
611 922 670 997 plus
688 922 790 981 autad
811 922 945 989 beatam,

75 1007 126 1052 aut
151 997 184 1053 ad
199 997 322 1055 miseram
344 999 430 1056 vitam
451 998 547 1058 afferre
568 999 705 1057 momenti
739 998 824 1071 quam
846 1015 946 1057 eorum

73 1073 256 1142 utrumvis,sr
271 1072 351 1150 aeque
364 1073 411 1135 diu
425 1072 457 1133 fit
471 1077 501 1133 in
516 1092 641 1150 corpore.
661 1091 720 1133 non
735 1075 824 1149 placet
837 1085 944 1141 autem,

74 1145 194 1207 detrasla
208 1150 371 1224 voluptate,
399 1150 592 1224 aegritudinem
613 1151 701 1209 statim
716 1148 874 1225 consequi,
891 1148 943 1207 nisi

73 1222 104 1280 in
120 1224 265 1300 voluptatis
277 1227 374 1284 locum
388 1226 468 1284 dolor
488 1228 559 1285 forte
582 1223 755 1284 successerit:
776 1238 803 1283 at
823 1224 938 1293 contra,

72 1300 192 1373 gaudere
206 1315 317 1361 nosmet
330 1303 490 1360 omittendis
504 1302 642 1361 doloribus
658 1344 667 1371 ,
687 1303 769 1360 etiam
783 1301 803 1359 fi
817 1301 965 1383 voluptasq
982 1335 1012 1371 ω
1022 1321 1066 1373 im,

73 1392 131 1447 ea,
150 1395 216 1453 quae
238 1379 344 1437 sensum
366 1392 504 1447 moveat,
537 1379 612 1437 nulla
632 1374 790 1436 successerit.
827 1386 1000 1455 seoquearii.

73 1450 188 1530 intelligi
201 1454 305 1531 potest,
325 1467 428 1532 quanta
442 1455 564 1530 voluptas
579 1453 683 1513 sitnon
707 1453 810 1513 dolere.
837 1451 891 1510 Sed
910 1464 983 1521 ut57

74 1527 106 1584 iis
121 1528 199 1589 bonis
214 1532 361 1607 erigimur,
381 1549 446 1607 quae
461 1530 670 1606 exspeclamus:
691 1528 728 1587 fic
748 1530 873 1589 lae'tamur
894 1530 942 1598 iis,

26 1644 34 1653 -
75 1620 140 1677 quae
154 1608 338 1667 recordamur.
377 1607 455 1669 Stulti
470 1620 563 1665 autern
578 1608 716 1667 malorum
733 1603 870 1663 memorii
885 1618 945 1663 tor·

75 1693 216 1754 quenturr
245 1683 377 1758 sapientes
399 1682 472 1743 bona
493 1684 630 1758 praeterita
648 1694 724 1758 grata
751 1680 943 1741 recordatione

73 1771 206 1818 renovata
226 1758 371 1819 delestant.
410 1759 447 1818 est
468 1771 563 1818 autem
585 1759 665 1817 situm
686 1759 716 1815 in
736 1757 814 1816 nobis
835 1798 844 1823 ‚
863 1769 894 1815 ut
913 1759 944 1817 ὃ(

73 1831 183 1893 adversa
196 1835 272 1912 quafi
286 1850 416 1911 perpetua
430 1833 572 1894 oblivione
587 1835 751 1901 obruamus,
772 1834 801 1891 δι
823 1832 942 1893 secunda

67 1907 194 1984 jucunde
213 1930 246 1971 ac
267 1910 383 1971 suaviter
404 1913 620 1969 meminerimus.
659 1908 714 1967 Sed
727 1908 791 1966 ciam
805 1925 856 1977 ea,
876 1926 941 1984 quae

69 1988 278 2059 praeterierunt,
318 1989 372 2045 acri
392 1988 487 2045 animo
508 1989 537 2046 δι
563 1997 670 2045 attento
691 1986 855 2051 intuemur,
874 1997 963 2044 tunc.

68 2059 119 2197 qq,
139 2063 319 2140 ut=aegritudo
332 2062 478 2139 sequatur,
505 2062 525 2122 sr
544 2062 589 2123 illa
604 2062 675 2121 mala
689 2059 762 2128 lint;
782 2060 902 2130 laetitia,
919 2060 941 2119 li

112 2156 158 2197 na.

110 2214 220 2275 XVlll.
240 2217 269 2275 Ο
290 2236 369 2275 nnn
380 2234 422 2274 cr
433 2234 533 2275 narra
556 2212 635 2275 beate
657 2213 794 2282 vivendi,
819 2212 849 2271 δι
863 2228 942 2287 aper·

68 2300 147 2360 tam,
167 2293 197 2351 δε
213 2290 382 2368 simplicem,
403 2292 578 2351 &directam
594 2293 690 2350 viam!
712 2290 776 2349 clam
792 2291 866 2349 enim
882 2307 943 2347 cer-

70 2367 101 2425 te
117 2368 184 2427 nihil
197 2369 308 2431 homiui
328 2369 408 2443 poffit
423 2370 520 2428 melius
541 2365 595 2427 effe
629 2366 714 2444 quim
741 2383 838 2425 vacare
860 2366 942 2425 omni
975 2414 978 2421 ,

66 2443 168 2503 dolore
187 2447 217 2503 &
240 2444 387 2514 molestis,
422 2445 579 2522 perfruique
593 2444 720 2501 maximis
741 2445 771 2501 &
791 2442 877 2500 animi
910 2442 941 2501 &

68 2522 193 2596 corporis
207 2521 405 2597 voluptatibus:
426 2521 576 2589 videtisne,
595 2519 681 2596 quam
696 2519 762 2578 nihil
775 2519 941 2595 praetermit·
990 2540 993 2547 ¹

65 2607 157 2666 tatur,
177 2599 255 2676 quod
270 2599 356 2657 vitam
371 2597 500 2673 adjuvet,
519 2595 577 2672 quo
592 2595 695 2654 facilitas
709 2595 738 2654 id
754 2636 764 2665 ,
783 2595 859 2671 quod
874 2612 940 2669 pro·

66 2672 191 2748 positum
213 2672 273 2742 est,
298 2673 439 2733 summum
460 2674 567 2731 bonum
589 2670 818 2748 consequamur?
839 2671 939 2729 clamat
965 2671 1066 2721 r.1.x1.

64 2750 219 2824 Epicurus,
238 2752 280 2818 is,
296 2768 382 2826 quem
403 2768 453 2809 vos
472 2750 555 2808 nimis
575 2749 759 2823 voluptatibus
781 2743 834 2804 esse
864 2736 955 2805 dedi-²

66 2840 133 2884 tum
148 2826 252 2896 dicitis,
271 2845 330 2885 non
344 2823 420 2901 poffe
432 2825 555 2902 jucunde
571 2825 647 2894 vivi,
667 2822 717 2883 nisr
731 2823 942 2898 sapienter,ho·

68 2902 145 3037 nelsi’re
160 2902 285 3038 juste'dque
300 2904 423 2961 vivatur:
463 2920 516 2961 nec
534 2902 684 2977 sapienter,
703 2897 838 2966 honeste,
854 2895 942 2972 juste,
1009 2945 1013 2955 .

70 2997 101 3039 nr
147 2997 221 3039 ucun
260 3021 269 3039 .

74 3116 77 3121 ,
137 3074 209 3133 eque
229 3055 306 3115 enim
328 3054 421 3113 civitas
440 3055 469 3112 in
490 3053 623 3113 seditione
650 3051 729 3109 beata
756 3046 809 3109 esse
831 3048 918 3125 potest
934 3052 987 3128 ,58

67 3148 123 3191 nec
136 3132 165 3191 in
179 3132 311 3190 discordia
326 3130 507 3190 dominorum
521 3130 638 3188 domus:
651 3145 709 3203 quo
724 3126 937 3195 minirsanimus‚

70 3208 87 3266 ὶ
108 3207 135 3264 se
149 3208 222 3283 ¹ipse
243 3206 369 3266 diffidens
388 3207 537 3282 secumque
561 3203 715 3263 discordans
731 3247 739 3273 ,
758 3203 863 3278 gustare
878 3220 960 3277 par-r
976 3208 1025 3273 ipso
1037 3204 1090 3283 diff.

70 3297 131 3342 tem
151 3284 234 3343 ullam
253 3284 367 3361 liquidae
388 3283 535 3358 voluptatis
562 3284 592 3340 δὲ
615 3281 707 3340 liberae
729 3280 826 3357 potest.
863 3280 939 3353 atqui
950 3273 997 3336 ipse
1006 3276 1058 3321 ⁶1¹¹}

69 3362 253 3439 pugnantibus
291 3362 322 3421 δι
343 3361 483 3419 contrariis
504 3356 596 3419 studiis
622 3356 815 3441 consiliisque
836 3354 943 3427 semper

354 3444 458 3495 Meam
478 3452 576 3497 mmm
596 3451 663 3506 mr
826 3442 942 3496 utens,
