2318 3914
220 128 794 200 LiussaSecuunus.
861 92 956 215 ’1391

74 249 184 310 bonum
199 250 355 308 metiantur.
392 245 413 305 fi
428 247 504 303 enim
519 243 554 303 ad
568 243 741 303 honestatem
762 249 857 306 omnia
878 247 952 305 refe·

75 342 193 394 rantur,
212 343 302 400 neque
317 327 346 383 in
369 340 402 381 ea
416 322 591 395 voluptatem
604 320 695 379 dicant
715 318 823 389 ineffe3
844 324 880 381 ait
899 340 949 381 eoa

75 403 152 462 inani
174 420 243 461 voce
263 402 359 459 sonare
380 399 435 470 (his
456 399 533 454 enim
553 394 614 471 ipsis
635 398 722 455 uerbis
744 398 839 463 utitur)
854 416 947 476 neque

76 479 356 555 intelligere,·neque
373 474 486 543 videre,
504 473 616 531 subhac
631 473 945 551 vocehonestatis‚quae
1077 524 1091 535 ,

79 553 112 613 fit
130 553 321 630 usubjicienda
342 551 484 611 sententia.
520 562 552 607 ut
573 548 650 607 enim
672 548 843 608 cousuetudo
855 551 967 655 ioqui-ld’
982 544 1094 607 ffiffld‘ni

76 642 137 699 tur,
156 633 184 690 id
198 632 289 691 solum
303 629 401 686 dicitur
414 625 577 694 honestum,
597 623 677 701 quod
692 624 729 683 est
742 626 865 700 populari
873 629 947 689 fama
968 612 1045 661 ’ω’

75 708 236 783 gloriosum.
262 704 358 779 quod,
378 704 484 779 inquit,
501 719 674 779 quamquam
689 700 874 776 voluptatibus
887 706 949 780 qui·

74 784 189 843 busdam
212 783 251 840 est
270 781 342 855 saepe
357 780 528 855 jucundius,
556 792 651 838 tamen
681 780 818 854 expetitur
837 793 979 856 proptera.
999 802 1095 851 mv,

76 860 265 919 volutatem.
435 858 439 865 '

119 879 246 993 Videsne
261 934 344 1010 quim
359 933 391 991 fit
404 950 502 1008 magna
515 930 663 993 diffenfio?
681 926 857 1009 philosophus
872 934 994 1022 nobi-49

75 1012 109 1070 lis
120 1010 154 1078 ,a
171 1029 229 1085 quo
243 1029 301 1069 non
313 1010 399 1069 solum
414 1011 523 1069 Graecia
537 1012 569 1069 &
582 1010 675 1079 ltalia,
696 1009 741 1068 sed
756 1012 840 1067 etiam
856 1012 949 1071 omnis

75 1074 199 1145 barbaria
213 1098 355 1145 commota
369 1085 424 1155 est,
443 1086 590 1145 honestum
606 1087 673 1162 quid
685 1085 734 1154 fit,
753 1084 772 1143 ii
787 1085 815 1145 id
829 1106 888 1147 nou
907 1090 945 1147 est

75 1164 106 1222 in
124 1164 280 1238 voluptate,
299 1174 380 1237 negat
393 1162 420 1219 se
433 1162 600 1237 intelligere:
621 1162 670 1221 nifi
685 1161 756 1221 forte
769 1162 854 1233 illud,
868 1164 948 1240 quod

76 1239 257 1303 multitudinis
268 1256 389 1297 *rumore
409 1238 545 1297 laudetur.
584 1238 647 1312 Ego
668 1251 760 1297 autem
781 1239 837 1299 hoc
861 1243 945 1302 etiam

76 1328 158 1390 turpe
173 1313 224 1373 effe
238 1315 309 1391 saepe
326 1314 441 1390 judico:
461 1316 515 1383 &,
534 1313 555 1373 fi
575 1314 687 1391 quando
709 1326 788 1389 turpe
808 1310 869 1375 noti
889 1318 946 1390 fit,

75 1404 191 1451 atamen
205 1410 263 1451 non
280 1389 334 1450 esse
348 1410 407 1451 non
421 1404 517 1466 turpe,
538 1392 603 1449 cum
619 1391 646 1450 id
662 1390 678 1450 *a
692 1390 867 1451 multitudine
886 1395 968 1470 lau-q
985 1420 1038 1459 tum
1049 1405 1096 1461 effe

74 1469 163 1528 detur.
183 1468 261 1545 quod
273 1468 294 1527 fi
308 1466 339 1526 fit
352 1466 440 1543 ipsum
458 1486 508 1543 per
521 1465 547 1525 se
568 1468 675 1527 redium
690 1480 772 1543 atque
786 1468 920 1529 laudabile
936 1474 1007 1543 ,MS-

74 1563 135 1604 non
150 1545 264 1603 obeam
279 1544 386 1603 causam
401 1556 497 1603 tamen
511 1543 640 1603 illuddici
652 1544 799 1602 honestum
808 1542 947 1623 effe,quia

74 1620 231 1687 laudetura
248 1620 355 1691 multis,
376 1612 421 1679 sed
441 1622 506 1695 quia
527 1619 581 1678 tale
601 1619 656 1688 fit,
676 1632 707 1677 ut
727 1621 784 1695 (vei
804 1620 948 1696 flignora-

73 1710 137 1755 rent
149 1696 179 1757 id
192 1697 347 1763 homines,
368 1696 414 1773 vei
434 1695 456 1755 fi
476 1692 685 1768 obmutuissent)
704 1697 749 1754 sua
768 1710 864 1755 tamen
886 1702 947 1776 pul-

73 1774 211 1833 critudine
230 1770 295 1832 effet
321 1772 467 1848 specieque
487 1771 629 1831 laudabiie.
666 1773 763 1848 Itaque
777 1773 852 1831 idem
868 1791 948 1837 natu-

72 1849 102 1907 11
115 1850 218 1919 vidus,
239 1851 285 1908 cui
297 1848 386 1907 obiisti
400 1867 459 1907 uon
474 1847 580 1923 potest,
600 1847 667 1913 dicit
680 1850 733 1907 alio
747 1851 814 1908 loco
822 1849 860 1918 id,
869 1856 948 1927 quod

72 1925 132 1984 ate
154 1928 238 1984 etiam
260 1925 352 2001 paullo
374 1923 437 1983 ante
451 1923 564 1997 „dieium
582 1924 637 1993 est,
656 1942 715 1984 nou
729 1922 804 2000 posse
821 1924 946 2000 jucunde

73 1999 456 2071 vivi,nis1etiamh0nestie.
505 2054 509 2061 ,
686 2056 690 2065 ,
845 2054 848 2059 .

109 2078 191 2155 Quid
204 2095 298 2147 nuuc,
317 2075 449 2147 honeste,
469 2073 555 2134 dicit?
573 2075 704 2146 idemne,
719 2075 797 2153 quod
808 2077 990 2162 jucundei50

72 2174 140 2230 ergo
154 2157 210 2223 ita,
228 2171 289 2213 nou
304 2150 379 2229 poise
392 2150 507 2211 honeste
528 2153 585 2211 vivi
600 2195 609 2222 ,
629 2152 679 2211 nifi
698 2152 813 2212 honeste
828 2156 945 2219 vivatur.
1101 2192 1104 2203 ·

71 2250 107 2291 an
127 2230 196 2289 rnifi
217 2230 342 2306 populari
363 2225 541 2287 fama?s1ne
563 2240 596 2287 ea
616 2231 625 2288 i
644 2230 697 2288 itur
714 2228 839 2304 jucunde
860 2246 961 2309 negat:
975 2248 1081 2307 (inedie.

71 2304 273 2384 poffeviverea
294 2306 372 2381 Quid
395 2304 499 2382 turpius
520 2304 606 2381 quam
618 2247 742 2380 iipientis
756 2308 842 2365 vitam
858 2327 892 2367 ex
900 2311 944 2371 in·

34 2394 37 2399 “
70 2384 230 2459 fipientium
244 2381 371 2441 sermone
384 2380 525 2457 pendere?
542 2382 610 2458 quid
625 2400 691 2457 ergo
705 2384 761 2441 hoc
777 2384 843 2443 loco
861 2386 944 2447 intel-·

69 2462 129 2535 ugit
148 2457 323 2517 honestum?
357 2457 431 2516 certe
449 2456 519 2531 ¹nihil
541 2500 550 2527 ,
576 2456 626 2517 nisi
654 2457 732 2535 quod
751 2459 831 2535 posfit
851 2463 940 2537 ipsum

69 2549 181 2613 propter
200 2535 227 2593 se
242 2536 306 2610 jure
324 2535 437 2592 laudari.
473 2550 539 2591 nam
559 2532 579 2592 fi
600 2547 712 2609 propter
739 2535 936 2611 voluptatem:

68 2630 134 2689 quae
148 2612 186 2671 est
200 2610 247 2669 ista
259 2611 342 2685 iaus,
365 2627 430 2687 quae
451 2608 532 2685 poffit
553 2608 569 2667 ὲ
590 2610 708 2669 macello
729 2610 812 2685 peti?
833 2614 938 2677 Nonis

67 2693 109 2748 vir
123 2688 179 2757 est,
200 2698 247 2755 ut,
268 2687 331 2745 cum
352 2682 523 2745 honestatem
545 2704 581 2744 eo
601 2686 668 2744 loco
687 2688 807 2757 habeat,
828 2703 859 2748 ut
879 2691 938 2753 siue

67 2785 99 2825 ea
110 2762 235 2840 jucunde
248 2776 331 2839 neget
345 2760 420 2838 poffe
436 2763 510 2831 vivi,
529 2762 594 2821 iliud
608 2763 773 2832 honestum,
792 2766 870 2839 quod
886 2766 938 2840 po'·

66 2844 161 2919 pulare
174 2840 231 2910 fit,
250 2838 363 2910 sentiat,
382 2840 412 2897 &
427 2836 483 2897 fine
498 2857 533 2897 eo
544 2838 668 2914 jucunde
683 2854 765 2915 neget
779 2841 835 2898 vivi
848 2841 934 2916 poffe:

51 2924 58 2937 ‘
807 2944 810 2950 ·
891 2931 940 2980 aut

93 3078 139 3145 ’σιξ
151 3094 223 3156 Perse
233 3095 313 3142 nilum
323 3104 387 3158 atque
397 3094 524 3152 laudabile]
549 3056 587 3141 sie
599 3093 690 3149 malui,
710 3091 799 3141 secutus
809 3093 935 3157 antiquum

66 3156 269 3268 librumfauam,
284 3171 310 3206 ut
321 3170 404 3214 antea,
416 3158 532 3220 perfeiium
541 3170 606 3219 aeque
619 3158 735 3207 laudabile.
752 3159 777 3205 &
788 3156 869 3220 paulli>
883 3156 936 3222 pust

66 3218 173 3266 bonoilum
200 3222 296 3286 gnificat
307 3220 331 3269 id
343 3222 420 3269 iolum
434 3218 498 3285 effe,
515 3217 581 3280 quod
596 3216 625 3266 fit
639 3218 728 3268 testum
742 3218 818 3283 ipsum
839 3236 879 3283 pei
891 3223 933 3278 se,

65 3280 153 3337 suavi,
169 3280 207 3331 sua
217 3298 311 3340 natura,
326 3282 365 3333 sua
376 3282 460 3347 sponte
470 3280 595 3331 laudabile.
613 3286 639 3331 P.
653 3286 739 3331 Manat.
771 3284 843 3343 Berse
853 3286 934 3332 rebium

64 3361 91 3391 ac
102 3346 231 3405 laudabile]
258 3347 341 3397 Paulus
351 3346 475 3395 Manutius
486 3344 549 3393 hanc
563 3343 693 3395 leiiiouem
703 3344 807 3409 primum
822 3346 934 3411 produxit

66 3422 97 3457 ex
109 3405 174 3455 libro
186 3408 292 3473 antiquo.
306 3446 310 3453 .
324 3414 446 3475 Eamtego
461 3422 524 3457 nune
540 3406 611 3457 fitmo
627 3410 675 3461 Pal.
684 3410 764 3473 ptimo
773 3424 801 3458 ae
810 3421 864 3459 tert.
874 3412 935 3459 item

68 3472 229 3537 Scaligeaano.
246 3470 348 3539 vulgati:
365 3470 557 3538 ipsumperfiuum
567 3472 662 3524 uland.
692 3476 762 3524 Gxut.

471 3542 639 3594 anuoo5
838 3530 942 3592 62.Nast
