2318 3914
60 164 92 223 x·
202 131 394 194 hrrtrtt
434 122 776 194 Sucu‘rtnvs·
856 131 954 237 2647e
1003 184 1057 206 ,,

60 258 123 304 nec
138 283 148 312 ‚
167 244 215 321 qui
228 261 314 319 pauca
327 243 498 319 eperceperit
513 285 521 311 ,
547 260 607 300 non
622 241 696 300 idern
712 239 814 316 reliqua
827 241 929 300 eodem
938 203 1079 321 121ng

52 318 160 377 studio
174 321 353 396 perfequetut.
938 319 983 364 MS

107 393 162 451 Sed
178 397 208 454 in
224 397 279 456 vita
298 409 391 454 tamen
412 407 545 470 oocupata
571 404 671 470 atque,
698 403 729 450 ut
749 392 959 468 Neoptolemi?-

59 479 128 527 tutn
150 483 221 539 erat,
241 471 373 539 militari,
393 488 478 544 paura
496 469 550 546 ipsa
570 469 687 527 multum
707 470 777 543 saepe
795 470 931 543 prosunt,

62 544 98 602 &
117 543 226 605 flerunt
243 549 362 615 studius,
382 546 422 602 tlt
437 565 495 604 non
514 559 620 614 tantos,
639 547 733 620 quanti
753 563 787 601 err
807 537 1046 602 univerlafconfr

60 620 235 697 philosophia
249 625 352 697 percipi
371 619 504 695 poffunt;
526 636 617 679 tamen
639 639 704 689 eos,
723 621 820 697 quibus
839 606 1053 711 aliquaffll‘dm·

61 708 100 753 ex
116 710 190 769 parte
205 699 344 756 interdurn
358 710 406 755 aut
426 698 596 773 cupiditate,
616 711 663 755 aut
676 695 862 770 aegritudine‚
882 712 928 755 aut
937 678 1006 774 {1324
1024 681 1075 718 ⁰⁰¹¹

60 783 144 829 metu
159 770 340 832 hliberemur:
361 772 436 831 velut
448 791 484 831 err
499 792 530 832 ea
551 773 730 846 disputatione
747 815 754 834 ‚
774 789 838 846 quae
861 775 949 835 mihin
966 787 1073 847 tibereu-¹

60 860 155 920 nuper
168 849 259 907 habita
273 850 309 908 est
325 852 352 908 in
368 848 544 915 Tusculano,
565 866 663 923 magna
679 847 818 920 ¹videbatur
832 851 1054 906 mortuorunt.

61 920 165 980 efferta
182 927 373 1000 contemptim
392 942 456 1001 quae
479 944 537 983 non
559 922 705 982 rninirnirm
729 925 799 980 valer
819 925 853 981 ad
870 926 928 982 ani·

60 1010 147 1055 mum
163 1013 241 1057 metu
253 1001 431 1067 liberandum.
469 1019 533 1059 narn
549 1000 656 1076 quiid,
676 999 751 1074 quod
772 1000 849 1057 vitari
870 1020 929 1058 nort

59 1073 176 1149 potest,
205 1077 325 1147 metuit,
352 1078 374 1135 is
392 1079 486 1135 vivere
507 1079 602 1134 animo
625 1077 720 1150 quieto
742 1074 817 1133 nullo
840 1079 928 1133 inodo

58 1149 160 1224 potest.
197 1152 241 1229 sed
257 1156 321 1228 qui,
339 1172 396 1212 non
413 1152 502 1210 modo
518 1155 581 1228 quin
595 1148 701 1208 necelle
715 1151 751 1207 est
767 1152 856 1214 niori,
879 1170 924 1209 ve·

60 1222 124 1281 rltrn
140 1227 221 1283 etiam
238 1231 301 1302 quia
316 1230 382 1287 nihil
396 1229 477 1286 habet
492 1247 581 1295 mors,
602 1228 677 1302 quod
693 1225 723 1282 stt
737 1228 924 1295 horrendum,
965 1230 987 1280 Ρ.
1008 1233 1035 1280 B·
1090 1270 1092 1275 >

61 1313 186 1359 mortem
202 1322 259 1360 non
273 1306 369 1372 timet,
390 1321 522 1380 magnum
536 1305 558 1361 is
572 1302 619 1361 fibi
632 1301 787 1376 praefidium
808 1303 842 1359 ad
863 1307 924 1361 bea·
1104 1308 1109 1319 '

60 1382 122 1435 tam
139 1378 387 1455 vitam‘cornparat.
648 1431 650 1436 .

103 1453 283 1528 Quamquam
300 1475 358 1514 non
373 1456 463 1513 sumus
477 1455 560 1530 ignari
577 1497 585 1522 ,
606 1453 707 1512 multos
726 1451 841 1513 studiose
856 1462 948 1526 con-‚3

62 1523 106 1584 tra
122 1525 174 1586 effe
196 1530 315 1589 ditturos
331 1574 339 1600 ,
358 1531 435 1606 quod
455 1535 539 1588 vitare
561 1530 637 1588 nullo
660 1530 747 1587 modo
761 1532 900 1603 potuimus
918 1552 924 1588 :

62 1602 116 1660 nili
139 1604 205 1663 nihil
227 1610 346 1666 omnino
364 1608 548 1665 scriberemus.
585 1606 709 1663 ²etenirn
733 1605 926 1674 storationes,
1021 1650 1024 1659 ,

61 1694 133 1752 quas
152 1698 202 1738 nos
218 1684 396 1741 multitudinis
407 1683 514 1758 judicio
528 1681 634 1756 probari
647 1680 805 1738 volebamus
825 1695 928 1757 (popu-

61 1751 126 1812 laris
142 1755 179 1812 est
194 1759 269 1816 enirn
284 1760 327 1816 illa
341 1759 471 1816 facultatis
488 1800 496 1826 ,
523 1760 553 1815 &
568 1755 694 1814 iellestus
709 1758 875 1832 eloquentiae
891 1758 941 1817 esti
956 1755 1061 1811 effesttit

63 1828 238 1897 audientium
260 1833 437 1909 approbatio)
457 1832 503 1891 sed
524 1831 544 1889 fi
564 1831 764 1904 reperiebantur
785 1835 927 1904 nonnulli,

63 1905 117 1979 qui
130 1905 198 1963 nihil
210 1907 366 1977 laudarent,
384 1907 433 1966 nist
455 1908 532 1982 quod
551 1905 577 1964 se
598 1907 698 1964 imitari
719 1904 793 1982 polle
808 1908 930 1967 confide-

62 1991 146 2046 rent,
165 1999 305 2059 quemque
319 1983 441 2058 sperandi
453 1983 501 2040 fibi
517 2025 526 2052 ,
545 1981 665 2039 eundern
682 1983 717 2041 .&
738 1982 932 2043 benedicendi

63 2053 153 2112 finem
168 2074 371 2133 proponerent,
392 2061 422 2116 &
447 2057 510 2116 ciam
534 2059 713 2116 obruerentur
730 2058 810 2132 copii
825 2058 932 2118 senten·
960 2105 963 2108 ⁴

62 2130 168 2188 riarum
202 2148 284 2210 atque
318 2136 491 2204 verborum,
515 2134 687 2211 jejunitatem
716 2134 745 2190 &
774 2135 878 2191 farnenr
901 2137 927 2194 l'e

64 2205 148 2266 malle
168 2209 253 2285 quarn
275 2212 428 2273 ubertatem
455 2213 484 2271 &
506 2211 615 2286 copiam
631 2209 760 2294 dicerent.
781 2210 853 2269 unde
870 2225 927 2270 erat

845 2304 928 2355 errore
997 2276 1019 2345 ¹.

96 2517 119 2550 2.
138 2505 222 2550 Etenim
233 2505 250 2563 fi
260 2508 361 2552 orationes
370 2531 397 2545 -·
407 2507 446 2566 fed
458 2503 478 2560 fi
492 2503 645 2565 reperiebantur
655 2503 772 2563 nonnulli]
802 2506 851 2550 MS.
864 2506 931 2552 Nor·

64 2561 109 2611 vie.
125 2568 200 2611 etenim
210 2568 231 2624 fi
242 2569 415 2625 [sententiantes.
447 2567 543 2626 Reliqui
560 2567 680 2628 vulgatam
699 2566 826 2613 terrionem
842 2569 928 2614 merito

64 2622 172 2682 seruant;
189 2628 221 2676 est
232 2632 294 2678 enirn
306 2632 458 2680 araelruber,
475 2627 540 2691 quod
555 2628 579 2674 ln
595 2629 703 2691 longiore
717 2628 841 2676 verborum
856 2627 928 2676 dudlu

63 2685 213 2749 scriptoribus
224 2691 316 2740 nonest
327 2692 437 2740 insolens.
454 2691 539 2738 Noster
551 2689 620 2739 offic.
637 2691 676 2739 lib.
688 2704 735 2739 111.
750 2703 799 2750 cap.
814 2699 851 2738 2⁶.
866 2694 928 2736 vtile

64 2750 181 2797 videbatur
191 2752 259 2812 vlyffi
264 2790 270 2807 ,
287 2757 406 2816 mquidem
415 2757 501 2816 Tragici
508 2755 663 2815 prodiderunt,
681 2769 730 2797 uam
740 2755 797 2813 apud
813 2757 928 2798 Humerum
1020 2810 1023 2815 ι

63 2814 128 2858 nulla
136 2815 189 2860 talen
198 2817 223 2862 de
233 2817 304 2876 vlrffe
314 2817 404 2877 suspicio
415 2816 459 2875 est,
473 2816 511 2875 sed
525 2816 649 2868 indmulant
659 2832 706 2861 eum
715 2816 828 2876 Tragoedia
840 2847 847 2868 ,
860 2816 928 2871 finnu-

62 2875 144 2920 Iatiene
160 2879 244 2937 r'nfirnie
262 2882 367 2926 militiam
379 2879 521 2940 fielterfugere
536 2879 633 2937 voluiffe.
668 2877 754 2929 Pendet
775 2877 813 2923 ltic
829 2878 927 2932 oratio,
1037 2880 1040 2891 ¹

63 2950 116 2984 non
129 2939 289 3004 ntinns'quam
300 2940 367 2989 Tusc.
379 2939 493 3004 Disputat.
512 2939 550 2987 lib.
564 2954 596 2987 rr.
614 2954 663 3002 cap.
677 2954 714 2994 35.
733 2945 778 2988 vr,
790 2939 810 2993 ſs
821 2941 871 2996 jam
883 2941 928 2999 ipsa

62 3001 106 3045 illa
116 3005 212 3062 accufhre
227 3007 300 3059 nolis,
316 3005 390 3064 stupra
403 3006 466 3059 dri-r,
483 3005 509 3054 (γ
525 3002 663 3064 corruptelas,
675 3003 700 3052 (a
712 3002 836 3054 adulteera,
853 3003 928 3060 intesta
992 3050 999 3061 Ι

60 3064 170 3124 denique,
186 3083 277 3128 quarum
291 3071 386 3112 omnium
399 3068 521 3125 accusabilis
534 3065 561 3122 ιβ
577 3067 705 3116 turpitudo:
724 3064 761 3123 sed
772 3078 794 3108 ur
806 3067 846 3108 hac
861 3070 926 3108 onu'e-

59 3137 115 3178 Μ,
139 3131 267 3186 perturbatio
288 3131 333 3192 ipfa
353 3133 429 3174 mentir
444 3133 467 3174 in
487 3142 561 3172 amore
588 3127 650 3184 sada
671 3140 708 3187 per
724 3127 747 3185 se
768 3125 803 3183 est.
838 3126 926 3175 Hirtius

59 3187 122 3235 Bell.
139 3189 211 3240 Afric.
227 3208 277 3255 cap.
288 3208 322 3246 19.
341 3197 387 3238 Hac
397 3191 434 3250 spe
445 3204 508 3251 arque
518 3205 542 3234 aa
554 3193 645 3235 audacia
658 3191 802 3246 inflammatus
814 3193 925 3245 Labienus,

56 3266 109 3294 carm
125 3255 229 3311 equitibus
245 3258 318 3300 Gallis
333 3257 487 3316 Germanisque
502 3255 586 3300 Moe.
603 3254 647 3302 dre.
660 3256 693 3297 bis
703 3254 766 3313 capiis
782 3255 853 3309 priate
868 3259 922 3301 Non.

54 3313 118 3368 Jan,
131 3315 240 3373 pridiem
254 3322 361 3373 tertium,
388 3332 453 3379 quam
465 3314 673 3375 Africamattigir,
700 3316 723 3359 in
738 3318 816 3373 campis
827 3315 924 3372 plantffi·

51 3380 103 3420 mis
117 3380 272 3443 purr'ffirnisqae
287 3382 312 3425 ab
323 3384 374 3425 hera
384 3382 430 3425 diei
440 3380 526 3438 quintia
536 3379 639 3439 usquead
650 3377 703 3436 solis
714 3379 806 3434 occasum
814 3375 843 3434 est
854 3379 925 3424 decer·
983 3380 989 3391 ¹

52 3450 139 3488 tatum.
167 3443 226 3495 vide
239 3447 262 3494 δι
274 3442 391 3495 Elianutrr
403 3447 429 3494 V.
441 3447 470 3489 H.
489 3439 569 3488 libri,
586 3453 665 3503 capa.
698 3439 781 3500 Daurfi

426 3509 651 3567 Centaurea,
724 3588 727 3596 q
843 3504 923 3556 ufir
986 3537 988 3542 .
