2318 3914
230 94 754 178 LrnruTuurru's.
860 120 943 193 2127

53 218 124 279 tiam
152 215 239 294 quim
260 219 422 294 gravitatem
442 216 532 275 animi
557 229 639 293 atque
653 217 935 299 constantiamque*

54 310 86 355 re
101 294 177 354 illam
191 294 303 372 quidem
323 295 496 355 dimittamus
523 295 553 352 &
575 294 648 353 ²suis
670 295 697 352 se
717 292 814 373 finibus
856 288 1078 373 eterq‘lbrm

50 371 225 449 jubeamus,
245 390 281 432 ne
303 372 440 432 blanditiis
470 370 529 446 ejus
555 368 742 447 illecebrisque
764 374 824 449 imp
860 375 931 435 iatur
948 392 964 401 ·
986 384 1002 395 ·
1024 376 1057 393 ‘⁸
1135 370 1139 379 ’

55 447 210 522 disputandi
223 449 358 508 severitas.

98 525 290 600 Quaerendum
306 525 345 583 est
358 525 453 594 enim,
472 523 519 586 ubi
532 523 565 582 sit
577 523 644 584 illud
657 525 799 585 summum
813 524 960 598 bonum,-2'

54 601 137 677 quod
150 604 268 679 reperire
280 603 413 660 volumus
428 645 436 671 ,
456 602 589 680 quoniam
607 603 638 659 dc
653 602 778 677 voluptas
792 603 825 659 ab
840 620 876 660 eo
891 621 934 661 re·

56 688 138 736 mota
153 681 208 748 est,
229 682 260 739 &
283 679 382 736 eadem
405 677 462 737 sere
483 688 580 736 contra
601 696 650 736 eos
670 678 725 738 dici
739 675 866 753 possunt,
905 680 953 741 ui.

55 755 228 813 vacuitatem
243 754 346 812 doloris
361 752 443 813 finem
457 754 597 813 bonorum
612 750 666 813 esse
680 754 838 813 voluerunt.
902 772 937 815 ec

55 829 128 889 vero
151 831 298 890 ita'ullum
321 832 449 904 probetur
468 831 608 889 summum
628 831 735 889 bonum
753 874 761 897 ‚
780 844 812 889 ut
834 832 937 889 virtute

56 921 168 966 careat:
190 904 247 982 qna
260 906 328 963 nihil
342 906 429 982 potest
445 903 497 965 esse
512 906 689 981 praestantius.
718 908 758 965 lta
779 923 815 964 ue
834 924 954 983 quam·¹

57 1001 148 1060 quam
164 984 194 1040 in
211 1001 247 1040 eo
261 982 404 1053 sermone,
424 985 552 1059 quicum
569 984 718 1059 Torquato
742 925 780 1042 ept
801 983 935 1053 habitur,
984 984 988 992 ’

57 1077 122 1117 non
138 1058 239 1116 remissi
252 1059 352 1117 fuimus
368 1079 375 1117 ε
395 1071 489 1119 tamen
502 1060 565 1117 haec
579 1061 667 1117 acrior
688 1060 727 1119 est
747 1078 812 1119 cum
837 1060 937 1119 Stoicis

58 1146 156 1210 parata
171 1137 321 1194 contentio.
359 1152 423 1212 quae
438 1139 513 1194 enim
530 1137 564 1198 de
578 1136 720 1210 voluptate
737 1135 882 1205 dicuntur,
901 1154 934 1196 ea

60 1228 118 1269 nec
134 1210 298 1281 acutissime,
317 1230 371 1271 nec
385 1212 542 1271 abscondite
557 1209 725 1271 disseruntur.
744 1231 836 1288 neque
856 1214 933 1271 enim

61 1288 114 1362 qui
129 1287 278 1347 defendunt
291 1306 372 1357 eam,
388 1287 488 1346 versuti
502 1290 530 1346 in
547 1286 700 1347 disserendo
717 1288 795 1359 sunt,
815 1307 869 1348 nec
883 1290 957 1368 qui²
973 1316 1085 1368 „scum

64 1361 271 1423 contradicunt
297 1365 406 1423 causam
428 1363 568 1423 difficilem
584 1365 744 1440 ²repellunt.
944 1384 1086 1445 aarum.

104 1438 162 1513 ipse
175 1442 256 1499 etiam
273 1441 338 1500 dicit
344 1442 478 1516 Epicurus
487 1483 495 1509 ‚
504 1458 540 1498 ne
554 1441 803 1515 argumentandum
819 1442 932 1519 quidem
945 1462 960 1522 3

61 1512 119 1573 esse
133 1514 167 1573 de
187 1516 353 1593 voluptate,
374 1516 451 1593 quod
472 1516 504 1574 fit
524 1515 643 1590 positum
664 1519 722 1592 ejus
744 1519 881 1594 judicium
902 1521 933 1578 in

60 1590 201 1662 sensibus,
222 1606 251 1651 ut
265 1594 443 1653 commoneri
456 1611 507 1652 nos
520 1593 579 1650 satis
592 1592 622 1651 sit
637 1635 646 1662 ,
665 1594 732 1651 nihil
753 1595 866 1653 attineat
881 1594 933 1653 do·

61 1668 130 1725 ceri.
172 1686 254 1746 quare
267 1670 310 1728 illa
324 1671 401 1729 nobis
415 1669 530 1745 simplex
543 1669 595 1727 fuit
614 1671 641 1727 in
658 1682 802 1747 utramque
825 1684 932 1746 partem
976 1666 1002 1713 ἲ·
1023 1666 1052 1713 ⁸·

62 1743 219 1818 disputatio
255 1764 309 1805 nec
324 1748 400 1806 enim
420 1748 450 1804 in
471 1745 611 1821 Torquati
633 1744 759 1805 sermone
780 1748 932 1824 quidquam

62 1822 239 1894 implicatum
265 1836 313 1881 aut
332 1822 487 1881 tortuosum
501 1819 580 1878 fuit?
607 1820 795 1898 bnostraque,
814 1836 845 1882 ut
864 1820 1072 1896 mimorumque

60 1898 198 1967 videtur,
218 1898 336 1957 dilucida
350 1899 448 1957 oratio.
487 1897 646 1955 Stoicorum
667 1911 761 1956 autem
781 1918 838 1957 uon
854 1883 1095 1975 igno-‘⁰”J·L“'”⁶·'

61 1990 104 2031 ras
120 1975 204 2048 quam
221 1974 252 2031 fit
267 1975 384 2043 subtile,
411 1974 456 2031 vel
475 1972 612 2048 spinosum
633 1974 723 2048 potius
738 2017 746 2043 ,
772 1973 956 2035 cdisserendic
969 1980 1048 2045 dispu-

61 2068 168 2125 genus:
189 2050 273 2125 idque
293 2050 358 2108 ciam
381 2051 509 2119 Graecis,
528 2061 588 2107 tum
612 2053 696 2123 magis
717 2050 818 2119 nobis,
838 2053 936 2128 quibus
944 2045 1070 2097 ‘²¹²dess

63 2128 151 2185 etiam
168 2128 251 2184 verba
267 2125 396 2201 parienda
416 2126 477 2184 sunt
510 2126 833 2202 imponendaquenova
855 2130 937 2187 novis

62 2204 144 2260 rebus
161 2204 285 2260 nomina.
322 2202 399 2279 quod
413 2203 526 2279 quidem
540 2220 626 2261 nemo
648 2204 825 2261 mediocriter
839 2203 937 2264 doctus

64 2279 226 2347 mirabitur,
246 2279 385 2354 cogitans,
405 2281 434 2337 in
450 2281 530 2337 omni
544 2292 623 2348 arte,
644 2282 720 2354 cujus
743 2279 801 2338 usus
821 2281 938 2356 vulgaris

61 2355 284 2430 communisque
307 2374 365 2414 non
387 2355 442 2425 sit,
464 2356 578 2412 multam
607 2359 759 2414 novitatem
787 2361 937 2417 nominum

67 2430 141 2499 esse,
161 2430 225 2488 cnm
247 2432 443 2490 constituantur
463 2449 557 2489 earum
579 2449 669 2490 rerum
685 2434 817 2492 vocabula
842 2477 850 2503 ‚
870 2452 935 2510 quae

67 2510 98 2566 in
114 2525 224 2584 quaque
238 2521 294 2567 arte
309 2507 473 2568 versentur*
493 2509 589 2584 Itaque
611 2510 640 2567 ὅ(
660 2508 795 2569 dialectici
822 2512 851 2569 &
865 2513 966 2587 phy-4

53 2612 59 2619 ·
893 2588 940 2647 sici

105 2815 129 2851 2.
147 2800 198 2847 Suis
205 2800 228 2859 se
240 2798 319 2858 finibus
329 2812 396 2847 team
406 2801 538 2858 jubeamun]
559 2801 642 2850 Lectio
655 2816 704 2850 non
715 2798 747 2851 est
757 2799 853 2849 fincera.
887 2815 945 2850 nam

72 2864 122 2911 ras.
145 2879 178 2926 pr.
193 2878 260 2922 petere
277 2866 396 2921 jubemus.
419 2863 475 2912 sext.
494 2866 542 2924 fidos
558 2866 581 2925 se
597 2866 652 2924 fines
673 2878 739 2925 patere
756 2866 806 2923 jus.
831 2863 872 2912 icc.
890 2876 944 2913 tert.

73 2939 151 2985 quart.
169 2930 244 2987 quint.
263 2928 330 2970 cedere
340 2928 460 2984 jubumus.
482 2928 540 2974 illud
553 2942 621 2991 petere
637 2927 823 2974 examinandum
839 2927 871 2973 cst
887 2941 945 2987 pcn-

73 2988 126 3037 snn.
144 2994 231 3037 (trater.
250 2994 280 3033 At
294 2988 317 3034 id
329 2990 404 3050 prima
416 2988 494 3037 statim
505 2990 584 3037 fronte
602 2989 623 3038 se
639 2990 717 3052 prodit
733 2987 941 3053 elegantissintum.

75 3057 170 3114 Nempe
179 3050 195 3098 si
208 3052 316 3113 voluptas
327 3050 382 3097 aiibi
393 3053 472 3098 locum
484 3052 567 3101 habere
581 3055 645 3099 volet
657 3086 664 3106 ‚
681 3056 742 3099 inter
754 3052 899 3112 voluptarios
917 3054 942 3101 dc

74 3115 204 3163 luminosos
210 3109 389 3177 cognoscatcsse
396 3128 493 3176 regnunt
504 3116 568 3161 suum
576 3118 599 3162 δι
608 3114 700 3169 sedem,
712 3115 789 3161 nonin
795 3113 940 3165 cruditorum

76 3178 193 3231 drantius,
210 3194 259 3225 non
270 3178 330 3222 inter
341 3189 469 3237 quarentes
480 3175 597 3225 summum
607 3176 705 3229 bonum.
723 3175 758 3224 lbi
769 3175 791 3225 se
802 3177 881 3225 videat·
895 3193 939 3241 pe·

73 3256 169 3298 ratque,
186 3238 288 3289 nonhic.
308 3237 346 3286 Est
357 3237 419 3285 idem
431 3238 506 3287 sensus
519 3255 555 3295 rr,
569 3257 603 3288 12.
621 3240 768 3286 Pronuntiadit
781 3243 807 3288 de
816 3244 937 3302 volumtate,

71 3306 130 3348 noti!
140 3304 205 3361 essaei
215 3307 267 3357 soci,
283 3319 321 3347 nan
334 3303 395 3347 ruodo
406 3315 431 3347 ut
440 3303 588 3362 salaputium
598 3306 620 3348 in
630 3304 713 3363 statami
722 3304 769 3348 soni
775 3306 824 3364 seda
839 3338 845 3359 ,
857 3306 896 3362 jad
910 3321 936 3351 nc

69 3370 110 3413 islo
123 3368 210 3426 quidem
225 3368 303 3423 moda,
324 3378 346 3414 ut
363 3367 392 3412 ad
404 3366 528 3426 boriestntem
542 3368 664 3429 applicatur.
680 3364 737 3415 Ideo
754 3366 861 3431 sequutus
877 3366 935 3415 sum.

69 3436 169 3478 Gronov·

846 3508 871 3548 a·
887 3490 945 3552 Q*
