<?xml version="1.0" encoding="UTF-8"?>
<!DOCTYPE html PUBLIC "-//W3C//DTD XHTML 1.0 Transitional//EN"
    "http://www.w3.org/TR/xhtml1/DTD/xhtml1-transitional.dtd">
<html xmlns="http://www.w3.org/1999/xhtml" xml:lang="en" lang="en">
 <head>
  <title>
</title>
<meta http-equiv="Content-Type" content="text/html;charset=utf-8" />
  <meta name='ocr-system' content='tesseract 3.04.00' />
  <meta name='ocr-capabilities' content='ocr_page ocr_carea ocr_par ocr_line ocrx_word'/>
</head>
<body>
  <div class='ocr_page' id='page_1' title='image "./marcitulliicice02pedigoog_0185.png"; bbox 0 0 2318 3914; ppageno 0'>
   <div class='ocr_carea' id='block_1_1' title="bbox 258 48 962 204">
    <p class='ocr_par' dir='ltr' id='par_1_1' title="bbox 258 48 962 204">
     <span class='ocr_line' id='line_1_1' title="bbox 258 48 962 204; baseline -0.02 -21"><span class='ocrx_word' id='word_1_1' title='bbox 258 134 339 204; x_wconf 82' lang='lat'>2392</span> <span class='ocrx_word' id='word_1_2' title='bbox 457 112 520 178; x_wconf 79' lang='lat' dir='ltr'><strong>De</strong></span> <span class='ocrx_word' id='word_1_3' title='bbox 540 110 628 176; x_wconf 77' lang='lat' dir='ltr'><strong>Flu.</strong></span> <span class='ocrx_word' id='word_1_4' title='bbox 649 106 753 173; x_wconf 78' lang='lat' dir='ltr'><strong>Bon.</strong></span> <span class='ocrx_word' id='word_1_5' title='bbox 774 48 827 172; x_wconf 67' lang='lat' dir='ltr'><strong>en</strong></span> <span class='ocrx_word' id='word_1_6' title='bbox 850 82 962 171; x_wconf 72' lang='lat' dir='ltr'><strong>M&#39;nn.</strong></span> 
     </span>
    </p>
   </div>
   <div class='ocr_carea' id='block_1_2' title="bbox 209 222 1127 742">
    <p class='ocr_par' dir='ltr' id='par_1_2' title="bbox 209 222 1127 742">
     <span class='ocr_line' id='line_1_2' title="bbox 255 222 1125 301; baseline 0.002 -17"><span class='ocrx_word' id='word_1_7' title='bbox 255 224 319 284; x_wconf 86' lang='lat' dir='ltr'><strong>lraec</strong></span> <span class='ocrx_word' id='word_1_8' title='bbox 340 222 470 287; x_wconf 81' lang='lat' dir='ltr'><strong>desideria</strong></span> <span class='ocrx_word' id='word_1_9' title='bbox 490 239 619 287; x_wconf 85' lang='lat' dir='ltr'><strong>naturae:</strong></span> <span class='ocrx_word' id='word_1_10' title='bbox 640 224 794 301; x_wconf 77' lang='lat' dir='ltr'><strong>cupiditatis</strong></span> <span class='ocrx_word' id='word_1_11' title='bbox 814 239 922 282; x_wconf 88' lang='lat' dir='ltr'><strong>nomen</strong></span> <span class='ocrx_word' id='word_1_12' title='bbox 941 222 1032 285; x_wconf 91' lang='lat' dir='ltr'><strong>servet</strong></span> <span class='ocrx_word' id='word_1_13' title='bbox 1051 222 1125 295; x_wconf 69' lang='lat' dir='ltr'><strong>alid}</strong></span> 
     </span>
     <span class='ocr_line' id='line_1_3' title="bbox 254 300 1126 374; baseline 0.003 -15"><span class='ocrx_word' id='word_1_14' title='bbox 254 315 310 373; x_wconf 87' lang='lat' dir='ltr'><strong>ut,</strong></span> <span class='ocrx_word' id='word_1_15' title='bbox 330 300 394 360; x_wconf 79' lang='lat' dir='ltr'><strong>cum</strong></span> <span class='ocrx_word' id='word_1_16' title='bbox 411 304 446 361; x_wconf 89' lang='lat' dir='ltr'><strong>de</strong></span> <span class='ocrx_word' id='word_1_17' title='bbox 460 305 596 371; x_wconf 86' lang='lat' dir='ltr'><strong>avaritia,</strong></span> <span class='ocrx_word' id='word_1_18' title='bbox 617 301 682 361; x_wconf 77' lang='lat' dir='ltr'><strong>curn</strong></span> <span class='ocrx_word' id='word_1_19' title='bbox 702 301 738 361; x_wconf 90' lang='lat' dir='ltr'><strong>de</strong></span> <span class='ocrx_word' id='word_1_20' title='bbox 757 301 985 374; x_wconf 86' lang='lat' dir='ltr'><strong>intemperantia,</strong></span> <span class='ocrx_word' id='word_1_21' title='bbox 1006 301 1073 361; x_wconf 76' lang='lat' dir='ltr'><strong>cunr</strong></span> <span class='ocrx_word' id='word_1_22' title='bbox 1091 303 1126 362; x_wconf 87' lang='lat' dir='ltr'><strong>de</strong></span> 
     </span>
     <span class='ocr_line' id='line_1_4' title="bbox 254 380 1126 459; baseline 0.003 -23"><span class='ocrx_word' id='word_1_23' title='bbox 254 380 383 438; x_wconf 84' lang='lat' dir='ltr'><strong>maximis</strong></span> <span class='ocrx_word' id='word_1_24' title='bbox 402 380 474 440; x_wconf 87' lang='lat' dir='ltr'><strong>vitiis</strong></span> <span class='ocrx_word' id='word_1_25' title='bbox 491 380 621 458; x_wconf 86' lang='lat' dir='ltr'><strong>loquetur</strong></span> <span class='ocrx_word' id='word_1_26' title='bbox 641 389 698 459; x_wconf 39' lang='lat'><strong>,243</strong></span> <span class='ocrx_word' id='word_1_27' title='bbox 714 394 777 437; x_wconf 90' lang='lat' dir='ltr'><strong>eam</strong></span> <span class='ocrx_word' id='word_1_28' title='bbox 797 389 942 452; x_wconf 85' lang='lat' dir='ltr'><strong>tamquam</strong></span> <span class='ocrx_word' id='word_1_29' title='bbox 963 380 1059 453; x_wconf 86' lang='lat' dir='ltr'><strong>capitis</strong></span> <span class='ocrx_word' id='word_1_30' title='bbox 1081 396 1126 438; x_wconf 89' lang='lat' dir='ltr'><strong>ae·</strong></span> 
     </span>
     <span class='ocr_line' id='line_1_5' title="bbox 209 455 1127 610; baseline 0.007 -22"><span class='ocrx_word' id='word_1_31' title='bbox 209 455 346 592; x_wconf 54' lang='lat' dir='ltr'><strong>28cugeetd</strong></span> <span class='ocrx_word' id='word_1_32' title='bbox 360 532 422 591; x_wconf 87' lang='lat' dir='ltr'><strong>haec</strong></span> <span class='ocrx_word' id='word_1_33' title='bbox 435 533 550 610; x_wconf 89' lang='lat' dir='ltr'><strong>quidem</strong></span> <span class='ocrx_word' id='word_1_34' title='bbox 570 532 677 592; x_wconf 77' lang='lat' dir='ltr'><strong>liberius</strong></span> <span class='ocrx_word' id='word_1_35' title='bbox 697 531 731 591; x_wconf 91' lang='lat' dir='ltr'><strong>ab</strong></span> <span class='ocrx_word' id='word_1_36' title='bbox 758 548 794 591; x_wconf 91' lang='lat' dir='ltr'><strong>eo</strong></span> <span class='ocrx_word' id='word_1_37' title='bbox 822 529 949 589; x_wconf 90' lang='lat' dir='ltr'><strong>dicuntur</strong></span> <span class='ocrx_word' id='word_1_38' title='bbox 970 532 1127 607; x_wconf 72' lang='lat' dir='ltr'><strong>&amp;saepius</strong></span> 
     </span>
     <span class='ocr_line' id='line_1_6' title="bbox 252 605 1127 742; baseline 0.003 -76"><span class='ocrx_word' id='word_1_39' title='bbox 252 609 332 742; x_wconf 80' lang='lat' dir='ltr'><strong>¹quod</strong></span> <span class='ocrx_word' id='word_1_40' title='bbox 347 609 477 684; x_wconf 88' lang='lat' dir='ltr'><strong>equidem</strong></span> <span class='ocrx_word' id='word_1_41' title='bbox 500 628 559 670; x_wconf 92' lang='lat' dir='ltr'><strong>non</strong></span> <span class='ocrx_word' id='word_1_42' title='bbox 581 608 764 685; x_wconf 86' lang='lat' dir='ltr'><strong>reprehendo.</strong></span> <span class='ocrx_word' id='word_1_43' title='bbox 802 605 840 666; x_wconf 89' lang='lat' dir='ltr'><strong>est</strong></span> <span class='ocrx_word' id='word_1_44' title='bbox 855 609 930 665; x_wconf 89' lang='lat' dir='ltr'><strong>enim</strong></span> <span class='ocrx_word' id='word_1_45' title='bbox 952 611 1023 667; x_wconf 90' lang='lat' dir='ltr'><strong>tanti</strong></span> <span class='ocrx_word' id='word_1_46' title='bbox 1036 610 1127 685; x_wconf 89' lang='lat' dir='ltr'><strong>philo·</strong></span> 
     </span>
    </p>
   </div>
   <div class='ocr_carea' id='block_1_3' title="bbox 97 682 1157 2593">
    <p class='ocr_par' dir='ltr' id='par_1_3' title="bbox 263 682 1125 760">
     <span class='ocr_line' id='line_1_7' title="bbox 263 682 1125 760; baseline 0.005 -17"><span class='ocrx_word' id='word_1_47' title='bbox 263 685 330 759; x_wconf 88' lang='lat' dir='ltr'><strong>ophi</strong></span> <span class='ocrx_word' id='word_1_48' title='bbox 357 696 469 760; x_wconf 88' lang='lat' dir='ltr'><strong>tamque</strong></span> <span class='ocrx_word' id='word_1_49' title='bbox 489 687 603 755; x_wconf 89' lang='lat' dir='ltr'><strong>nobilis,</strong></span> <span class='ocrx_word' id='word_1_50' title='bbox 623 686 751 745; x_wconf 72' lang='lat' dir='ltr'><strong>audacter</strong></span> <span class='ocrx_word' id='word_1_51' title='bbox 773 685 821 743; x_wconf 83' lang='lat' dir='ltr'><strong>sua·</strong></span> <span class='ocrx_word' id='word_1_52' title='bbox 832 682 941 742; x_wconf 90' lang='lat' dir='ltr'><strong>decreta</strong></span> <span class='ocrx_word' id='word_1_53' title='bbox 963 684 1125 747; x_wconf 87' lang='lat' dir='ltr'><strong>defendere.</strong></span> 
     </span>
    </p>

    <p class='ocr_par' dir='ltr' id='par_1_4' title="bbox 252 759 1124 839">
     <span class='ocr_line' id='line_1_8' title="bbox 252 759 1124 839; baseline 0.007 -21"><span class='ocrx_word' id='word_1_54' title='bbox 252 759 299 820; x_wconf 86' lang='lat' dir='ltr'><strong>sed</strong></span> <span class='ocrx_word' id='word_1_55' title='bbox 310 773 405 820; x_wconf 89' lang='lat' dir='ltr'><strong>tamen</strong></span> <span class='ocrx_word' id='word_1_56' title='bbox 419 781 453 829; x_wconf 81' lang='lat' dir='ltr'><strong>ex</strong></span> <span class='ocrx_word' id='word_1_57' title='bbox 469 780 521 832; x_wconf 88' lang='lat' dir='ltr'><strong>eo,</strong></span> <span class='ocrx_word' id='word_1_58' title='bbox 541 762 619 839; x_wconf 79' lang='lat' dir='ltr'><strong>quod</strong></span> <span class='ocrx_word' id='word_1_59' title='bbox 634 781 696 821; x_wconf 91' lang='lat' dir='ltr'><strong>earn</strong></span> <span class='ocrx_word' id='word_1_60' title='bbox 711 763 884 835; x_wconf 80' lang='lat' dir='ltr'><strong>voluptatem</strong></span> <span class='ocrx_word' id='word_1_61' title='bbox 904 762 1002 835; x_wconf 87' lang='lat' dir='ltr'><strong>(quam</strong></span> <span class='ocrx_word' id='word_1_62' title='bbox 1023 780 1124 823; x_wconf 83' lang='lat' dir='ltr'><strong>omues</strong></span> 
     </span>
    </p>

    <p class='ocr_par' dir='ltr' id='par_1_5' title="bbox 252 837 1124 916">
     <span class='ocr_line' id='line_1_9' title="bbox 252 837 1124 916; baseline 0.003 -21"><span class='ocrx_word' id='word_1_63' title='bbox 252 848 348 912; x_wconf 81' lang='lat' dir='ltr'><strong>gentes</strong></span> <span class='ocrx_word' id='word_1_64' title='bbox 369 839 425 896; x_wconf 90' lang='lat' dir='ltr'><strong>hoc</strong></span> <span class='ocrx_word' id='word_1_65' title='bbox 447 842 564 898; x_wconf 87' lang='lat' dir='ltr'><strong>nomine</strong></span> <span class='ocrx_word' id='word_1_66' title='bbox 584 838 732 914; x_wconf 87' lang='lat' dir='ltr'><strong>appellant)</strong></span> <span class='ocrx_word' id='word_1_67' title='bbox 752 838 862 897; x_wconf 85' lang='lat' dir='ltr'><strong>videtur</strong></span> <span class='ocrx_word' id='word_1_68' title='bbox 881 837 1032 910; x_wconf 85' lang='lat' dir='ltr'><strong>amplexari</strong></span> <span class='ocrx_word' id='word_1_69' title='bbox 1050 840 1124 916; x_wconf 83' lang='lat' dir='ltr'><strong>saepe</strong></span> 
     </span>
    </p>

    <p class='ocr_par' dir='ltr' id='par_1_6' title="bbox 252 911 1123 990">
     <span class='ocr_line' id='line_1_10' title="bbox 252 911 1123 990; baseline 0.007 -20"><span class='ocrx_word' id='word_1_70' title='bbox 252 913 461 985; x_wconf 77' lang='lat' dir='ltr'><strong>vehementius,</strong></span> <span class='ocrx_word' id='word_1_71' title='bbox 482 919 510 976; x_wconf 87' lang='lat' dir='ltr'><strong>in</strong></span> <span class='ocrx_word' id='word_1_72' title='bbox 524 918 630 990; x_wconf 81' lang='lat' dir='ltr'><strong>magnis</strong></span> <span class='ocrx_word' id='word_1_73' title='bbox 644 915 783 974; x_wconf 89' lang='lat' dir='ltr'><strong>interdum</strong></span> <span class='ocrx_word' id='word_1_74' title='bbox 799 911 918 971; x_wconf 88' lang='lat' dir='ltr'><strong>uersatur</strong></span> <span class='ocrx_word' id='word_1_75' title='bbox 931 914 1123 989; x_wconf 83' lang='lat' dir='ltr'><strong>angustiis,ut,</strong></span> 
     </span>
    </p>

    <p class='ocr_par' dir='ltr' id='par_1_7' title="bbox 251 988 1121 1068">
     <span class='ocr_line' id='line_1_11' title="bbox 251 988 1121 1068; baseline 0.007 -22"><span class='ocrx_word' id='word_1_76' title='bbox 251 988 401 1049; x_wconf 88' lang='lat' dir='ltr'><strong>hominum</strong></span> <span class='ocrx_word' id='word_1_77' title='bbox 417 991 583 1053; x_wconf 62' lang='lat' dir='ltr'><strong>conscientiis</strong></span> <span class='ocrx_word' id='word_1_78' title='bbox 596 990 721 1061; x_wconf 74' lang='lat' dir='ltr'><strong>remoti,</strong></span> <span class='ocrx_word' id='word_1_79' title='bbox 735 990 802 1049; x_wconf 89' lang='lat' dir='ltr'><strong>nihil</strong></span> <span class='ocrx_word' id='word_1_80' title='bbox 814 1002 873 1047; x_wconf 90' lang='lat' dir='ltr'><strong>tarn</strong></span> <span class='ocrx_word' id='word_1_81' title='bbox 887 1004 966 1065; x_wconf 89' lang='lat' dir='ltr'><strong>turpe</strong></span> <span class='ocrx_word' id='word_1_82' title='bbox 980 989 1031 1061; x_wconf 89' lang='lat' dir='ltr'><strong>fit,</strong></span> <span class='ocrx_word' id='word_1_83' title='bbox 1045 993 1121 1068; x_wconf 93' lang='lat' dir='ltr'><strong>quod</strong></span> 
     </span>
    </p>

    <p class='ocr_par' dir='ltr' id='par_1_8' title="bbox 243 1064 1123 1141">
     <span class='ocr_line' id='line_1_12' title="bbox 243 1064 1123 1141; baseline 0.007 -19"><span class='ocrx_word' id='word_1_84' title='bbox 243 1066 397 1141; x_wconf 84' lang='lat' dir='ltr'><strong>¹voluptatis</strong></span> <span class='ocrx_word' id='word_1_85' title='bbox 412 1068 490 1127; x_wconf 65' lang='lat' dir='ltr'><strong>caulis</strong></span> <span class='ocrx_word' id='word_1_86' title='bbox 503 1088 562 1129; x_wconf 92' lang='lat' dir='ltr'><strong>non</strong></span> <span class='ocrx_word' id='word_1_87' title='bbox 576 1069 701 1128; x_wconf 85' lang='lat' dir='ltr'><strong>videatur</strong></span> <span class='ocrx_word' id='word_1_88' title='bbox 715 1064 768 1126; x_wconf 80' lang='lat' dir='ltr'><strong>eise</strong></span> <span class='ocrx_word' id='word_1_89' title='bbox 782 1065 910 1124; x_wconf 73' lang='lat' dir='ltr'><strong>facturus.</strong></span> <span class='ocrx_word' id='word_1_90' title='bbox 937 1065 1056 1138; x_wconf 90' lang='lat' dir='ltr'><strong>deinde,</strong></span> <span class='ocrx_word' id='word_1_91' title='bbox 1077 1069 1123 1128; x_wconf 90' lang='lat' dir='ltr'><strong>ubi</strong></span> 
     </span>
    </p>

    <p class='ocr_par' dir='ltr' id='par_1_9' title="bbox 251 1142 1123 1220">
     <span class='ocr_line' id='line_1_13' title="bbox 251 1142 1123 1220; baseline 0.009 -23"><span class='ocrx_word' id='word_1_92' title='bbox 251 1143 360 1202; x_wconf 91' lang='lat' dir='ltr'><strong>erubuit</strong></span> <span class='ocrx_word' id='word_1_93' title='bbox 380 1144 431 1218; x_wconf 86' lang='lat' dir='ltr'><strong>(vis</strong></span> <span class='ocrx_word' id='word_1_94' title='bbox 446 1147 521 1204; x_wconf 85' lang='lat' dir='ltr'><strong>enirn</strong></span> <span class='ocrx_word' id='word_1_95' title='bbox 538 1145 575 1204; x_wconf 88' lang='lat' dir='ltr'><strong>est</strong></span> <span class='ocrx_word' id='word_1_96' title='bbox 588 1162 737 1220; x_wconf 87' lang='lat' dir='ltr'><strong>permagna</strong></span> <span class='ocrx_word' id='word_1_97' title='bbox 752 1142 871 1217; x_wconf 86' lang='lat' dir='ltr'><strong>naturae)</strong></span> <span class='ocrx_word' id='word_1_98' title='bbox 892 1144 1019 1218; x_wconf 83' lang='lat' dir='ltr'><strong>confugit</strong></span> <span class='ocrx_word' id='word_1_99' title='bbox 1039 1146 1123 1214; x_wconf 89' lang='lat' dir='ltr'><strong>illuc,</strong></span> 
     </span>
    </p>

    <p class='ocr_par' dir='ltr' id='par_1_10' title="bbox 251 1218 1123 1298">
     <span class='ocr_line' id='line_1_14' title="bbox 251 1218 1123 1298; baseline 0.009 -24"><span class='ocrx_word' id='word_1_100' title='bbox 251 1229 283 1275; x_wconf 94' lang='lat' dir='ltr'><strong>ut</strong></span> <span class='ocrx_word' id='word_1_101' title='bbox 297 1232 380 1295; x_wconf 84' lang='lat' dir='ltr'><strong>neget</strong></span> <span class='ocrx_word' id='word_1_102' title='bbox 393 1223 525 1281; x_wconf 83' lang='lat' dir='ltr'><strong>accedere</strong></span> <span class='ocrx_word' id='word_1_103' title='bbox 539 1222 691 1298; x_wconf 84' lang='lat' dir='ltr'><strong>quidquam</strong></span> <span class='ocrx_word' id='word_1_104' title='bbox 706 1218 780 1296; x_wconf 79' lang='lat' dir='ltr'><strong>polle</strong></span> <span class='ocrx_word' id='word_1_105' title='bbox 802 1219 836 1277; x_wconf 91' lang='lat' dir='ltr'><strong>ad</strong></span> <span class='ocrx_word' id='word_1_106' title='bbox 858 1220 1032 1294; x_wconf 86' lang='lat' dir='ltr'><strong>voluptatem</strong></span> <span class='ocrx_word' id='word_1_107' title='bbox 1053 1222 1123 1282; x_wconf 91' lang='lat' dir='ltr'><strong>nihil</strong></span> 
     </span>
    </p>

    <p class='ocr_par' dir='ltr' id='par_1_11' title="bbox 252 1292 1124 1359">
     <span class='ocr_line' id='line_1_15' title="bbox 252 1292 1124 1359; baseline 0.009 -9"><span class='ocrx_word' id='word_1_108' title='bbox 252 1292 378 1356; x_wconf 86' lang='lat' dir='ltr'><strong>dolentis.</strong></span> <span class='ocrx_word' id='word_1_109' title='bbox 417 1299 457 1357; x_wconf 89' lang='lat' dir='ltr'><strong>At</strong></span> <span class='ocrx_word' id='word_1_110' title='bbox 477 1298 525 1357; x_wconf 82' lang='lat' dir='ltr'><strong>ille</strong></span> <span class='ocrx_word' id='word_1_111' title='bbox 545 1317 604 1358; x_wconf 92' lang='lat' dir='ltr'><strong>non</strong></span> <span class='ocrx_word' id='word_1_112' title='bbox 626 1297 739 1356; x_wconf 88' lang='lat' dir='ltr'><strong>dolendi</strong></span> <span class='ocrx_word' id='word_1_113' title='bbox 760 1296 840 1354; x_wconf 85' lang='lat' dir='ltr'><strong>status</strong></span> <span class='ocrx_word' id='word_1_114' title='bbox 859 1313 918 1354; x_wconf 93' lang='lat' dir='ltr'><strong>non</strong></span> <span class='ocrx_word' id='word_1_115' title='bbox 938 1308 1056 1356; x_wconf 86' lang='lat' dir='ltr'><strong>vocatur</strong></span> <span class='ocrx_word' id='word_1_116' title='bbox 1071 1316 1124 1359; x_wconf 84' lang='lat' dir='ltr'><strong>vo·</strong></span> 
     </span>
    </p>

    <p class='ocr_par' dir='ltr' id='par_1_12' title="bbox 249 1368 1123 1452">
     <span class='ocr_line' id='line_1_16' title="bbox 249 1368 1123 1452; baseline 0.01 -26"><span class='ocrx_word' id='word_1_117' title='bbox 249 1368 346 1445; x_wconf 87' lang='lat' dir='ltr'><strong>luptas.</strong></span> <span class='ocrx_word' id='word_1_118' title='bbox 386 1375 454 1434; x_wconf 90' lang='lat' dir='ltr'><strong>Non</strong></span> <span class='ocrx_word' id='word_1_119' title='bbox 467 1375 582 1444; x_wconf 87' lang='lat' dir='ltr'><strong>laboro,</strong></span> <span class='ocrx_word' id='word_1_120' title='bbox 600 1375 707 1452; x_wconf 91' lang='lat' dir='ltr'><strong>inquit,</strong></span> <span class='ocrx_word' id='word_1_121' title='bbox 727 1373 762 1432; x_wconf 90' lang='lat' dir='ltr'><strong>de</strong></span> <span class='ocrx_word' id='word_1_122' title='bbox 774 1373 901 1432; x_wconf 89' lang='lat' dir='ltr'><strong>nomine.</strong></span> <span class='ocrx_word' id='word_1_123' title='bbox 927 1372 1023 1448; x_wconf 89' lang='lat' dir='ltr'><strong>Quid,</strong></span> <span class='ocrx_word' id='word_1_124' title='bbox 1042 1375 1123 1449; x_wconf 75' lang='lat' dir='ltr'><strong>quod</strong></span> 
     </span>
    </p>

    <p class='ocr_par' dir='ltr' id='par_1_13' title="bbox 249 1448 1121 1526">
     <span class='ocr_line' id='line_1_17' title="bbox 249 1448 1121 1526; baseline 0.007 -21"><span class='ocrx_word' id='word_1_125' title='bbox 249 1463 293 1505; x_wconf 84' lang='lat' dir='ltr'><strong>tes</strong></span> <span class='ocrx_word' id='word_1_126' title='bbox 307 1448 357 1508; x_wconf 90' lang='lat' dir='ltr'><strong>alia</strong></span> <span class='ocrx_word' id='word_1_127' title='bbox 373 1462 431 1510; x_wconf 89' lang='lat' dir='ltr'><strong>tota</strong></span> <span class='ocrx_word' id='word_1_128' title='bbox 446 1449 504 1510; x_wconf 85' lang='lat' dir='ltr'><strong>est?</strong></span> <span class='ocrx_word' id='word_1_129' title='bbox 525 1453 673 1526; x_wconf 82' lang='lat' dir='ltr'><strong>Reperiam</strong></span> <span class='ocrx_word' id='word_1_130' title='bbox 695 1450 821 1518; x_wconf 86' lang='lat' dir='ltr'><strong>multos,</strong></span> <span class='ocrx_word' id='word_1_131' title='bbox 850 1449 895 1506; x_wconf 90' lang='lat' dir='ltr'><strong>vel</strong></span> <span class='ocrx_word' id='word_1_132' title='bbox 906 1448 1121 1511; x_wconf 87' lang='lat' dir='ltr'><strong>innumerabiles</strong></span> 
     </span>
    </p>

    <p class='ocr_par' dir='ltr' id='par_1_14' title="bbox 186 1520 1121 1603">
     <span class='ocr_line' id='line_1_18' title="bbox 186 1520 1121 1603; baseline 0.006 -21"><span class='ocrx_word' id='word_1_133' title='bbox 186 1536 189 1541; x_wconf 84' lang='lat'>&#39;</span> <span class='ocrx_word' id='word_1_134' title='bbox 249 1520 364 1598; x_wconf 80' lang='lat' dir='ltr'><strong>potius,</strong></span> <span class='ocrx_word' id='word_1_135' title='bbox 384 1544 444 1586; x_wconf 91' lang='lat' dir='ltr'><strong>non</strong></span> <span class='ocrx_word' id='word_1_136' title='bbox 465 1539 521 1586; x_wconf 90' lang='lat' dir='ltr'><strong>tarn</strong></span> <span class='ocrx_word' id='word_1_137' title='bbox 544 1526 687 1596; x_wconf 84' lang='lat' dir='ltr'><strong>curiosos,</strong></span> <span class='ocrx_word' id='word_1_138' title='bbox 707 1543 760 1585; x_wconf 92' lang='lat' dir='ltr'><strong>nec</strong></span> <span class='ocrx_word' id='word_1_139' title='bbox 780 1538 838 1583; x_wconf 91' lang='lat' dir='ltr'><strong>tarn</strong></span> <span class='ocrx_word' id='word_1_140' title='bbox 860 1524 1014 1595; x_wconf 90' lang='lat' dir='ltr'><strong>molestos,</strong></span> <span class='ocrx_word' id='word_1_141' title='bbox 1033 1526 1121 1603; x_wconf 74' lang='lat' dir='ltr'><strong>quam</strong></span> 
     </span>
    </p>

    <p class='ocr_par' dir='ltr' id='par_1_15' title="bbox 248 1599 1121 1680">
     <span class='ocr_line' id='line_1_19' title="bbox 248 1599 1121 1680; baseline 0.01 -23"><span class='ocrx_word' id='word_1_142' title='bbox 248 1616 300 1658; x_wconf 81' lang='lat' dir='ltr'><strong>vos</strong></span> <span class='ocrx_word' id='word_1_143' title='bbox 313 1601 372 1661; x_wconf 80' lang='lat' dir='ltr'><strong>eliis</strong></span> <span class='ocrx_word' id='word_1_144' title='bbox 388 1622 396 1661; x_wconf 79' lang='lat' dir='ltr'><strong>r</strong></span> <span class='ocrx_word' id='word_1_145' title='bbox 417 1605 530 1678; x_wconf 88' lang='lat' dir='ltr'><strong>quihus,</strong></span> <span class='ocrx_word' id='word_1_146' title='bbox 550 1603 685 1680; x_wconf 88' lang='lat' dir='ltr'><strong>quidquid</strong></span> <span class='ocrx_word' id='word_1_147' title='bbox 704 1601 814 1670; x_wconf 86' lang='lat' dir='ltr'><strong>velim,</strong></span> <span class='ocrx_word' id='word_1_148' title='bbox 835 1599 915 1660; x_wconf 74' lang='lat' dir='ltr'><strong>facile</strong></span> <span class='ocrx_word' id='word_1_149' title='bbox 932 1600 1121 1677; x_wconf 86' lang='lat' dir='ltr'><strong>persuadeam.</strong></span> 
     </span>
    </p>

    <p class='ocr_par' dir='ltr' id='par_1_16' title="bbox 202 1677 1121 1757">
     <span class='ocr_line' id='line_1_20' title="bbox 202 1677 1121 1757; baseline 0.011 -24"><span class='ocrx_word' id='word_1_150' title='bbox 202 1694 239 1753; x_wconf 86' lang='lat'><strong>29</strong></span> <span class='ocrx_word' id='word_1_151' title='bbox 250 1677 326 1751; x_wconf 89' lang='lat' dir='ltr'><strong>Quid</strong></span> <span class='ocrx_word' id='word_1_152' title='bbox 342 1697 407 1754; x_wconf 83' lang='lat' dir='ltr'><strong>ergo</strong></span> <span class='ocrx_word' id='word_1_153' title='bbox 423 1681 601 1749; x_wconf 86' lang='lat' dir='ltr'><strong>dubitamus,</strong></span> <span class='ocrx_word' id='word_1_154' title='bbox 620 1681 712 1757; x_wconf 92' lang='lat' dir='ltr'><strong>quin,</strong></span> <span class='ocrx_word' id='word_1_155' title='bbox 738 1677 759 1736; x_wconf 87' lang='lat' dir='ltr'>fi</span> <span class='ocrx_word' id='word_1_156' title='bbox 785 1695 844 1737; x_wconf 91' lang='lat' dir='ltr'><strong>non</strong></span> <span class='ocrx_word' id='word_1_157' title='bbox 872 1677 966 1736; x_wconf 91' lang='lat' dir='ltr'><strong>dolere</strong></span> <span class='ocrx_word' id='word_1_158' title='bbox 991 1680 1121 1757; x_wconf 76' lang='lat' dir='ltr'><strong>voluptas</strong></span> 
     </span>
    </p>

    <p class='ocr_par' dir='ltr' id='par_1_17' title="bbox 249 1750 1157 1831">
     <span class='ocr_line' id='line_1_21' title="bbox 249 1750 1157 1831; baseline 0.011 -22"><span class='ocrx_word' id='word_1_159' title='bbox 249 1750 281 1810; x_wconf 85' lang='lat' dir='ltr'><strong>fit</strong></span> <span class='ocrx_word' id='word_1_160' title='bbox 294 1752 419 1824; x_wconf 90' lang='lat' dir='ltr'><strong>summa,</strong></span> <span class='ocrx_word' id='word_1_161' title='bbox 440 1775 498 1816; x_wconf 93' lang='lat' dir='ltr'><strong>non</strong></span> <span class='ocrx_word' id='word_1_162' title='bbox 513 1756 566 1815; x_wconf 82' lang='lat' dir='ltr'><strong>elle</strong></span> <span class='ocrx_word' id='word_1_163' title='bbox 590 1756 775 1831; x_wconf 85' lang='lat' dir='ltr'><strong>inuoluptate</strong></span> <span class='ocrx_word' id='word_1_164' title='bbox 802 1754 882 1813; x_wconf 89' lang='lat' dir='ltr'><strong>dolor</strong></span> <span class='ocrx_word' id='word_1_165' title='bbox 902 1753 934 1813; x_wconf 91' lang='lat' dir='ltr'><strong>s1t</strong></span> <span class='ocrx_word' id='word_1_166' title='bbox 958 1758 1120 1819; x_wconf 70' lang='lat' dir='ltr'><strong>maximus?</strong></span> <span class='ocrx_word' id='word_1_167' title='bbox 1154 1800 1157 1811; x_wconf 85' lang='lat'>·</span> 
     </span>
    </p>

    <p class='ocr_par' dir='ltr' id='par_1_18' title="bbox 99 1829 1119 2003">
     <span class='ocr_line' id='line_1_22' title="bbox 99 1829 1119 1909; baseline 0.011 -24"><span class='ocrx_word' id='word_1_168' title='bbox 99 1829 163 1880; x_wconf 79' lang='lat' dir='ltr'><strong>belt</strong></span> <span class='ocrx_word' id='word_1_169' title='bbox 174 1843 210 1879; x_wconf 82' lang='lat' dir='ltr'><strong>at·</strong></span> <span class='ocrx_word' id='word_1_170' title='bbox 250 1845 298 1886; x_wconf 90' lang='lat' dir='ltr'><strong>cur</strong></span> <span class='ocrx_word' id='word_1_171' title='bbox 312 1830 339 1888; x_wconf 95' lang='lat' dir='ltr'><strong>id</strong></span> <span class='ocrx_word' id='word_1_172' title='bbox 356 1851 413 1891; x_wconf 93' lang='lat' dir='ltr'><strong>non</strong></span> <span class='ocrx_word' id='word_1_173' title='bbox 429 1835 465 1892; x_wconf 86' lang='lat' dir='ltr'><strong>ita</strong></span> <span class='ocrx_word' id='word_1_174' title='bbox 480 1832 530 1891; x_wconf 85' lang='lat' dir='ltr'><strong>lit?</strong></span> <span class='ocrx_word' id='word_1_175' title='bbox 551 1834 627 1909; x_wconf 88' lang='lat' dir='ltr'><strong>Quia</strong></span> <span class='ocrx_word' id='word_1_176' title='bbox 648 1832 739 1892; x_wconf 88' lang='lat' dir='ltr'><strong>dolori</strong></span> <span class='ocrx_word' id='word_1_177' title='bbox 754 1849 815 1890; x_wconf 91' lang='lat' dir='ltr'><strong>non</strong></span> <span class='ocrx_word' id='word_1_178' title='bbox 836 1830 962 1906; x_wconf 89' lang='lat' dir='ltr'><strong>v&#39;oluptas</strong></span> <span class='ocrx_word' id='word_1_179' title='bbox 982 1836 1119 1895; x_wconf 86' lang='lat' dir='ltr'><strong>contraria</strong></span> 
     </span>
     <span class='ocr_line' id='line_1_23' title="bbox 100 1906 887 2003; baseline 0.014 -45"><span class='ocrx_word' id='word_1_180' title='bbox 100 1907 227 2003; x_wconf 54' lang='lat' dir='ltr'><strong>Wllf·</strong></span> <span class='ocrx_word' id='word_1_181' title='bbox 251 1906 307 1969; x_wconf 85' lang='lat' dir='ltr'><strong>est.</strong></span> <span class='ocrx_word' id='word_1_182' title='bbox 327 1907 372 1967; x_wconf 90' lang='lat' dir='ltr'><strong>sed</strong></span> <span class='ocrx_word' id='word_1_183' title='bbox 385 1909 487 1968; x_wconf 88' lang='lat' dir='ltr'><strong>doloris</strong></span> <span class='ocrx_word' id='word_1_184' title='bbox 501 1911 627 1985; x_wconf 86' lang='lat' dir='ltr'><strong>privatio.</strong></span> <span class='ocrx_word' id='word_1_185' title='bbox 882 1985 887 1996; x_wconf 27' lang='grc' dir='ltr'>ι</span> 
     </span>
    </p>

    <p class='ocr_par' dir='ltr' id='par_1_19' title="bbox 97 1957 1120 2069">
     <span class='ocr_line' id='line_1_24' title="bbox 97 1957 1120 2069; baseline 0.003 -23"><span class='ocrx_word' id='word_1_186' title='bbox 97 1957 241 2069; x_wconf 53' lang='grc' dir='ltr'><strong>ὲυξῇζῃζέ</strong></span> <span class='ocrx_word' id='word_1_187' title='bbox 287 1983 322 2040; x_wconf 80' lang='lat' dir='ltr'><strong>X·</strong></span> <span class='ocrx_word' id='word_1_188' title='bbox 342 1995 372 2039; x_wconf 79' lang='lat'><strong>44</strong></span> <span class='ocrx_word' id='word_1_189' title='bbox 386 1983 427 2019; x_wconf 58' lang='grc' dir='ltr'>Η</span> <span class='ocrx_word' id='word_1_190' title='bbox 447 1987 514 2047; x_wconf 88' lang='lat' dir='ltr'><strong>Hoc</strong></span> <span class='ocrx_word' id='word_1_191' title='bbox 528 1985 596 2045; x_wconf 77' lang='lat' dir='ltr'><strong>vero</strong></span> <span class='ocrx_word' id='word_1_192' title='bbox 610 2003 669 2045; x_wconf 93' lang='lat' dir='ltr'><strong>non</strong></span> <span class='ocrx_word' id='word_1_193' title='bbox 683 1985 795 2051; x_wconf 84' lang='lat' dir='ltr'><strong>uidere,</strong></span> <span class='ocrx_word' id='word_1_194' title='bbox 815 1983 1120 2061; x_wconf 79' lang='lat' dir='ltr'><strong>maxrmobargumeu·</strong></span> 
     </span>
    </p>

    <p class='ocr_par' dir='ltr' id='par_1_20' title="bbox 98 2058 1120 2138">
     <span class='ocr_line' id='line_1_25' title="bbox 98 2058 1120 2138; baseline 0.007 -21"><span class='ocrx_word' id='word_1_195' title='bbox 98 2083 175 2130; x_wconf 58' lang='lat' dir='ltr'><strong>ma,</strong></span> <span class='ocrx_word' id='word_1_196' title='bbox 248 2069 297 2128; x_wconf 93' lang='lat' dir='ltr'><strong>to,</strong></span> <span class='ocrx_word' id='word_1_197' title='bbox 317 2058 371 2118; x_wconf 80' lang='lat' dir='ltr'><strong>else</strong></span> <span class='ocrx_word' id='word_1_198' title='bbox 385 2063 555 2138; x_wconf 87' lang='lat' dir='ltr'><strong>voluptatem</strong></span> <span class='ocrx_word' id='word_1_199' title='bbox 569 2062 661 2121; x_wconf 88' lang='lat' dir='ltr'><strong>cillam</strong></span> <span class='ocrx_word' id='word_1_200' title='bbox 670 2085 679 2128; x_wconf 92' lang='lat'>;</span> <span class='ocrx_word' id='word_1_201' title='bbox 700 2060 756 2138; x_wconf 70' lang='lat' dir='ltr'><strong>qud</strong></span> <span class='ocrx_word' id='word_1_202' title='bbox 767 2058 882 2128; x_wconf 72' lang='lat' dir='ltr'><strong>sublati,</strong></span> <span class='ocrx_word' id='word_1_203' title='bbox 902 2073 984 2135; x_wconf 85' lang='lat' dir='ltr'><strong>neget</strong></span> <span class='ocrx_word' id='word_1_204' title='bbox 999 2064 1025 2121; x_wconf 93' lang='lat' dir='ltr'><strong>se</strong></span> <span class='ocrx_word' id='word_1_205' title='bbox 1039 2065 1120 2125; x_wconf 91' lang='lat' dir='ltr'><strong>intel·</strong></span> 
     </span>
    </p>

    <p class='ocr_par' dir='ltr' id='par_1_21' title="bbox 113 2134 1120 2215">
     <span class='ocr_line' id='line_1_26' title="bbox 113 2134 1120 2215; baseline 0.009 -24"><span class='ocrx_word' id='word_1_206' title='bbox 113 2147 139 2193; x_wconf 79' lang='lat' dir='ltr'><strong>r.</strong></span> <span class='ocrx_word' id='word_1_207' title='bbox 155 2148 239 2195; x_wconf 76' lang='lat' dir='ltr'><strong>uxxr.</strong></span> <span class='ocrx_word' id='word_1_208' title='bbox 247 2134 331 2211; x_wconf 80' lang='lat' dir='ltr'><strong>ligere</strong></span> <span class='ocrx_word' id='word_1_209' title='bbox 351 2140 487 2207; x_wconf 93' lang='lat' dir='ltr'><strong>omnino,</strong></span> <span class='ocrx_word' id='word_1_210' title='bbox 507 2138 574 2214; x_wconf 92' lang='lat' dir='ltr'><strong>quid</strong></span> <span class='ocrx_word' id='word_1_211' title='bbox 587 2137 618 2196; x_wconf 87' lang='lat' dir='ltr'><strong>fit</strong></span> <span class='ocrx_word' id='word_1_212' title='bbox 633 2139 749 2196; x_wconf 88' lang='lat' dir='ltr'><strong>bonurn.</strong></span> <span class='ocrx_word' id='word_1_213' title='bbox 787 2153 849 2194; x_wconf 91' lang='lat' dir='ltr'><strong>earn</strong></span> <span class='ocrx_word' id='word_1_214' title='bbox 865 2148 958 2194; x_wconf 88' lang='lat' dir='ltr'><strong>autern</strong></span> <span class='ocrx_word' id='word_1_215' title='bbox 979 2139 1120 2215; x_wconf 86' lang='lat' dir='ltr'><strong>itaperse-</strong></span> 
     </span>
    </p>

    <p class='ocr_par' dir='ltr' id='par_1_22' title="bbox 99 2207 1120 2290">
     <span class='ocr_line' id='line_1_27' title="bbox 99 2207 1120 2290; baseline 0.007 -21"><span class='ocrx_word' id='word_1_216' title='bbox 99 2207 216 2284; x_wconf 35' lang='lat' dir='ltr'><strong>cutiam·</strong></span> <span class='ocrx_word' id='word_1_217' title='bbox 249 2215 366 2287; x_wconf 90' lang='lat' dir='ltr'><strong>quitur,</strong></span> <span class='ocrx_word' id='word_1_218' title='bbox 386 2232 450 2290; x_wconf 84' lang='lat' dir='ltr'><strong>quae</strong></span> <span class='ocrx_word' id='word_1_219' title='bbox 472 2215 562 2290; x_wconf 87' lang='lat' dir='ltr'><strong>palato</strong></span> <span class='ocrx_word' id='word_1_220' title='bbox 583 2216 769 2290; x_wconf 85' lang='lat' dir='ltr'><strong>percipiatur,</strong></span> <span class='ocrx_word' id='word_1_221' title='bbox 789 2229 853 2289; x_wconf 89' lang='lat' dir='ltr'><strong>quae</strong></span> <span class='ocrx_word' id='word_1_222' title='bbox 876 2213 1005 2271; x_wconf 84' lang='lat' dir='ltr'><strong>auribus:</strong></span> <span class='ocrx_word' id='word_1_223' title='bbox 1026 2228 1120 2276; x_wconf 84' lang='lat' dir='ltr'><strong>cetera</strong></span> 
     </span>
    </p>

    <p class='ocr_par' dir='ltr' id='par_1_23' title="bbox 99 2273 1118 2365">
     <span class='ocr_line' id='line_1_28' title="bbox 99 2273 1118 2365; baseline 0.006 -20"><span class='ocrx_word' id='word_1_224' title='bbox 99 2273 223 2322; x_wconf 42' lang='lat' dir='ltr'><strong>&#39;&#39;¹⁵⁸³&#39;‘st</strong></span> <span class='ocrx_word' id='word_1_225' title='bbox 247 2288 338 2357; x_wconf 89' lang='lat' dir='ltr'><strong>addit,</strong></span> <span class='ocrx_word' id='word_1_226' title='bbox 358 2307 423 2365; x_wconf 86' lang='lat' dir='ltr'><strong>quae</strong></span> <span class='ocrx_word' id='word_1_227' title='bbox 438 2289 456 2346; x_wconf 92' lang='lat' dir='ltr'><strong>s1</strong></span> <span class='ocrx_word' id='word_1_228' title='bbox 469 2291 604 2365; x_wconf 90' lang='lat' dir='ltr'><strong>appelles,</strong></span> <span class='ocrx_word' id='word_1_229' title='bbox 624 2292 713 2348; x_wconf 92' lang='lat' dir='ltr'><strong>honos</strong></span> <span class='ocrx_word' id='word_1_230' title='bbox 730 2288 885 2364; x_wconf 77' lang='lat' dir='ltr'><strong>praefandus</strong></span> <span class='ocrx_word' id='word_1_231' title='bbox 899 2289 939 2346; x_wconf 88' lang='lat' dir='ltr'><strong>srt.</strong></span> <span class='ocrx_word' id='word_1_232' title='bbox 959 2291 1013 2348; x_wconf 92' lang='lat' dir='ltr'><strong>hoc</strong></span> <span class='ocrx_word' id='word_1_233' title='bbox 1021 2290 1118 2365; x_wconf 85' lang='lat' dir='ltr'><strong>igitur,</strong></span> 
     </span>
    </p>

    <p class='ocr_par' dir='ltr' id='par_1_24' title="bbox 238 2364 1119 2440">
     <span class='ocr_line' id='line_1_29' title="bbox 238 2364 1119 2440; baseline 0.007 -18"><span class='ocrx_word' id='word_1_234' title='bbox 238 2364 326 2438; x_wconf 58' lang='lat' dir='ltr'><strong>‘quod</strong></span> <span class='ocrx_word' id='word_1_235' title='bbox 340 2365 428 2424; x_wconf 89' lang='lat' dir='ltr'><strong>solum</strong></span> <span class='ocrx_word' id='word_1_236' title='bbox 443 2367 549 2424; x_wconf 89' lang='lat' dir='ltr'><strong>bonum</strong></span> <span class='ocrx_word' id='word_1_237' title='bbox 577 2367 683 2424; x_wconf 87' lang='lat' dir='ltr'><strong>severus</strong></span> <span class='ocrx_word' id='word_1_238' title='bbox 709 2368 739 2425; x_wconf 68' lang='grc' dir='ltr'><strong>ὃ(</strong></span> <span class='ocrx_word' id='word_1_239' title='bbox 759 2366 846 2440; x_wconf 87' lang='lat' dir='ltr'><strong>gravis</strong></span> <span class='ocrx_word' id='word_1_240' title='bbox 866 2364 1119 2440; x_wconf 87' lang='lat' dir='ltr'><strong>philosophus-no·</strong></span> 
     </span>
    </p>

    <p class='ocr_par' dir='ltr' id='par_1_25' title="bbox 247 2440 1117 2521">
     <span class='ocr_line' id='line_1_30' title="bbox 247 2440 1117 2521; baseline 0.01 -26"><span class='ocrx_word' id='word_1_241' title='bbox 247 2441 304 2508; x_wconf 90' lang='lat' dir='ltr'><strong>vit,</strong></span> <span class='ocrx_word' id='word_1_242' title='bbox 325 2441 399 2500; x_wconf 90' lang='lat' dir='ltr'><strong>idem</strong></span> <span class='ocrx_word' id='word_1_243' title='bbox 414 2460 473 2500; x_wconf 93' lang='lat' dir='ltr'><strong>non</strong></span> <span class='ocrx_word' id='word_1_244' title='bbox 488 2443 613 2502; x_wconf 90' lang='lat' dir='ltr'><strong>videtne</strong></span> <span class='ocrx_word' id='word_1_245' title='bbox 629 2442 815 2518; x_wconf 83' lang='lat' dir='ltr'><strong>expetendum</strong></span> <span class='ocrx_word' id='word_1_246' title='bbox 830 2441 944 2516; x_wconf 92' lang='lat' dir='ltr'><strong>quidem</strong></span> <span class='ocrx_word' id='word_1_247' title='bbox 960 2440 1117 2521; x_wconf 75' lang='lat' dir='ltr'><strong>elle,qu‹id</strong></span> 
     </span>
    </p>

    <p class='ocr_par' dir='ltr' id='par_1_26' title="bbox 247 2517 1116 2593">
     <span class='ocr_line' id='line_1_31' title="bbox 247 2517 1116 2593; baseline 0.008 -20"><span class='ocrx_word' id='word_1_248' title='bbox 247 2533 310 2574; x_wconf 88' lang='lat' dir='ltr'><strong>eanr</strong></span> <span class='ocrx_word' id='word_1_249' title='bbox 326 2519 497 2593; x_wconf 87' lang='lat' dir='ltr'><strong>voluptatem</strong></span> <span class='ocrx_word' id='word_1_250' title='bbox 512 2521 568 2578; x_wconf 94' lang='lat' dir='ltr'><strong>hoc</strong></span> <span class='ocrx_word' id='word_1_251' title='bbox 583 2519 684 2578; x_wconf 89' lang='lat' dir='ltr'><strong>eodem</strong></span> <span class='ocrx_word' id='word_1_252' title='bbox 700 2518 813 2577; x_wconf 76' lang='lat' dir='ltr'><strong>auctore</strong></span> <span class='ocrx_word' id='word_1_253' title='bbox 834 2535 892 2576; x_wconf 93' lang='lat' dir='ltr'><strong>non</strong></span> <span class='ocrx_word' id='word_1_254' title='bbox 912 2517 1116 2591; x_wconf 81' lang='lat' dir='ltr'><strong>desideremus,</strong></span> 
     </span>
    </p>
   </div>
   <div class='ocr_carea' id='block_1_4' title="bbox 244 2592 1119 2674">
    <p class='ocr_par' dir='ltr' id='par_1_27' title="bbox 244 2592 1119 2674">
     <span class='ocr_line' id='line_1_32' title="bbox 244 2592 1119 2674; baseline 0.011 -25"><span class='ocrx_word' id='word_1_255' title='bbox 244 2592 309 2650; x_wconf 89' lang='lat' dir='ltr'><strong>ciun</strong></span> <span class='ocrx_word' id='word_1_256' title='bbox 332 2594 430 2654; x_wconf 86' lang='lat' dir='ltr'><strong>dolore</strong></span> <span class='ocrx_word' id='word_1_257' title='bbox 450 2613 600 2657; x_wconf 88' lang='lat' dir='ltr'><strong>careamus.</strong></span> <span class='ocrx_word' id='word_1_258' title='bbox 638 2607 845 2674; x_wconf 78' lang='lat' dir='ltr'><strong>atquarnquam</strong></span> <span class='ocrx_word' id='word_1_259' title='bbox 866 2595 927 2652; x_wconf 88' lang='lat' dir='ltr'><strong>haec</strong></span> <span class='ocrx_word' id='word_1_260' title='bbox 954 2595 1017 2654; x_wconf 86' lang='lat' dir='ltr'><strong>sunt</strong></span> <span class='ocrx_word' id='word_1_261' title='bbox 1048 2615 1119 2658; x_wconf 87' lang='lat' dir='ltr'><strong>con·</strong></span> 
     </span>
    </p>
   </div>
   <div class='ocr_carea' id='block_1_5' title="bbox 249 2672 1119 2813">
    <p class='ocr_par' dir='ltr' id='par_1_28' title="bbox 249 2672 1119 2813">
     <span class='ocr_line' id='line_1_33' title="bbox 249 2672 336 2730; baseline 0.046 -4"><span class='ocrx_word' id='word_1_262' title='bbox 249 2672 336 2730; x_wconf 84' lang='lat' dir='ltr'><strong>traria.</strong></span> 
     </span>
     <span class='ocr_line' id='line_1_34' title="bbox 1061 2752 1119 2813; baseline 0.034 -2"><span class='ocrx_word' id='word_1_263' title='bbox 1061 2752 1119 2813; x_wconf 90' lang='lat' dir='ltr'><strong>Hic</strong></span> 
     </span>
    </p>
   </div>
   <div class='ocr_carea' id='block_1_6' title="bbox 240 2946 1159 3580">
    <p class='ocr_par' dir='ltr' id='par_1_29' title="bbox 240 2946 1118 3191">
     <span class='ocr_line' id='line_1_35' title="bbox 273 2946 1117 3017; baseline -0.007 -14"><span class='ocrx_word' id='word_1_264' title='bbox 273 2969 312 3013; x_wconf 79' lang='lat'><strong>43.</strong></span> <span class='ocrx_word' id='word_1_265' title='bbox 330 2959 386 3003; x_wconf 81' lang='lat' dir='ltr'><strong>Eam</strong></span> <span class='ocrx_word' id='word_1_266' title='bbox 397 2965 501 3016; x_wconf 79' lang='lat' dir='ltr'><strong>tanquam</strong></span> <span class='ocrx_word' id='word_1_267' title='bbox 511 2955 587 3017; x_wconf 77' lang='lat' dir='ltr'><strong>capitis</strong></span> <span class='ocrx_word' id='word_1_268' title='bbox 597 2952 696 3012; x_wconf 59' lang='lat' dir='ltr'><strong>accuset]</strong></span> <span class='ocrx_word' id='word_1_269' title='bbox 721 2955 780 3001; x_wconf 87' lang='lat' dir='ltr'><strong>Non</strong></span> <span class='ocrx_word' id='word_1_270' title='bbox 791 2950 897 3016; x_wconf 78' lang='lat' dir='ltr'><strong>displicet</strong></span> <span class='ocrx_word' id='word_1_271' title='bbox 910 2949 974 3013; x_wconf 85' lang='lat' dir='ltr'><strong>quod</strong></span> <span class='ocrx_word' id='word_1_272' title='bbox 987 2950 1020 3000; x_wconf 89' lang='lat' dir='ltr'><strong>est</strong></span> <span class='ocrx_word' id='word_1_273' title='bbox 1031 2951 1058 3000; x_wconf 85' lang='lat' dir='ltr'><strong>in</strong></span> <span class='ocrx_word' id='word_1_274' title='bbox 1067 2946 1117 2997; x_wconf 70' lang='grc' dir='ltr'><strong>Μ.</strong></span> 
     </span>
     <span class='ocr_line' id='line_1_36' title="bbox 258 3015 1118 3079; baseline -0.006 -16"><span class='ocrx_word' id='word_1_275' title='bbox 258 3030 275 3064; x_wconf 85' lang='lat' dir='ltr'><strong>r.</strong></span> <span class='ocrx_word' id='word_1_276' title='bbox 289 3030 313 3062; x_wconf 82' lang='lat' dir='ltr'><strong>ur</strong></span> <span class='ocrx_word' id='word_1_277' title='bbox 322 3034 369 3063; x_wconf 79' lang='lat' dir='ltr'><strong>eam</strong></span> <span class='ocrx_word' id='word_1_278' title='bbox 380 3015 427 3064; x_wconf 70' lang='lat' dir='ltr'><strong>crim</strong></span> <span class='ocrx_word' id='word_1_279' title='bbox 436 3020 462 3063; x_wconf 79' lang='lat' dir='ltr'><strong>de</strong></span> <span class='ocrx_word' id='word_1_280' title='bbox 474 3022 573 3065; x_wconf 80' lang='lat' dir='ltr'><strong>avaritia</strong></span> <span class='ocrx_word' id='word_1_281' title='bbox 583 3018 626 3067; x_wconf 68' lang='lat' dir='ltr'><strong>(rc.</strong></span> <span class='ocrx_word' id='word_1_282' title='bbox 644 3016 676 3063; x_wconf 85' lang='lat' dir='ltr'><strong>ita</strong></span> <span class='ocrx_word' id='word_1_283' title='bbox 686 3029 711 3062; x_wconf 90' lang='lat' dir='ltr'><strong>ur</strong></span> <span class='ocrx_word' id='word_1_284' title='bbox 724 3015 768 3063; x_wconf 81' lang='lat' dir='ltr'><strong>ilio</strong></span> <span class='ocrx_word' id='word_1_285' title='bbox 784 3015 840 3064; x_wconf 90' lang='lat' dir='ltr'><strong>loco</strong></span> <span class='ocrx_word' id='word_1_286' title='bbox 855 3028 1010 3079; x_wconf 75' lang='lat' dir='ltr'><strong>expungatur.</strong></span> <span class='ocrx_word' id='word_1_287' title='bbox 1044 3016 1118 3059; x_wconf 84' lang='lat' dir='ltr'><strong>Lam·</strong></span> 
     </span>
     <span class='ocr_line' id='line_1_37' title="bbox 240 3028 1118 3144; baseline -0.002 -18"><span class='ocrx_word' id='word_1_288' title='bbox 240 3028 309 3126; x_wconf 53' lang='lat' dir='ltr'><strong>gidus</strong></span> <span class='ocrx_word' id='word_1_289' title='bbox 320 3080 435 3132; x_wconf 78' lang='lat' dir='ltr'><strong>edidit,ea</strong></span> <span class='ocrx_word' id='word_1_290' title='bbox 445 3094 556 3144; x_wconf 77' lang='lat' dir='ltr'><strong>tamquam</strong></span> <span class='ocrx_word' id='word_1_291' title='bbox 567 3078 659 3143; x_wconf 80' lang='lat' dir='ltr'><strong>,licque</strong></span> <span class='ocrx_word' id='word_1_292' title='bbox 673 3079 722 3128; x_wconf 72' lang='lat' dir='ltr'><strong>Pal,</strong></span> <span class='ocrx_word' id='word_1_293' title='bbox 734 3078 778 3128; x_wconf 84' lang='lat' dir='ltr'><strong>sec.</strong></span> <span class='ocrx_word' id='word_1_294' title='bbox 785 3078 824 3128; x_wconf 88' lang='lat' dir='ltr'><strong>sed</strong></span> <span class='ocrx_word' id='word_1_295' title='bbox 834 3079 904 3126; x_wconf 88' lang='lat' dir='ltr'><strong>ceteri</strong></span> <span class='ocrx_word' id='word_1_296' title='bbox 914 3077 995 3126; x_wconf 75' lang='lat' dir='ltr'><strong>favent</strong></span> <span class='ocrx_word' id='word_1_297' title='bbox 1007 3076 1118 3140; x_wconf 69' lang='lat' dir='ltr'><strong>vulgato.</strong></span> 
     </span>
     <span class='ocr_line' id='line_1_38' title="bbox 244 3144 310 3191; baseline 0.061 -5"><span class='ocrx_word' id='word_1_298' title='bbox 244 3144 310 3191; x_wconf 81' lang='lat' dir='ltr'><strong>Grut.</strong></span> 
     </span>
    </p>

    <p class='ocr_par' dir='ltr' id='par_1_30' title="bbox 243 3204 1118 3331">
     <span class='ocr_line' id='line_1_39' title="bbox 274 3204 1118 3264; baseline 0.004 -14"><span class='ocrx_word' id='word_1_299' title='bbox 274 3223 312 3263; x_wconf 82' lang='lat'><strong>44.</strong></span> <span class='ocrx_word' id='word_1_300' title='bbox 329 3204 365 3237; x_wconf 65' lang='lat'><strong>*¹⁴</strong></span> <span class='ocrx_word' id='word_1_301' title='bbox 373 3209 417 3251; x_wconf 80' lang='lat' dir='ltr'><strong>Hac</strong></span> <span class='ocrx_word' id='word_1_302' title='bbox 428 3205 476 3253; x_wconf 66' lang='lat' dir='ltr'><strong>veri</strong></span> <span class='ocrx_word' id='word_1_303' title='bbox 488 3225 528 3253; x_wconf 77' lang='lat' dir='ltr'><strong>nan</strong></span> <span class='ocrx_word' id='word_1_304' title='bbox 538 3207 633 3264; x_wconf 60' lang='lat' dir='ltr'><strong>uidere]</strong></span> <span class='ocrx_word' id='word_1_305' title='bbox 648 3210 741 3253; x_wconf 85' lang='lat' dir='ltr'><strong>Locum</strong></span> <span class='ocrx_word' id='word_1_306' title='bbox 751 3205 957 3255; x_wconf 80' lang='lat' dir='ltr'><strong>asterisconotarat</strong></span> <span class='ocrx_word' id='word_1_307' title='bbox 964 3204 1118 3262; x_wconf 72' lang='lat' dir='ltr'><strong>Gulielmius,</strong></span> 
     </span>
     <span class='ocr_line' id='line_1_40' title="bbox 243 3266 1035 3331; baseline 0.003 -17"><span class='ocrx_word' id='word_1_308' title='bbox 243 3280 287 3314; x_wconf 86' lang='lat' dir='ltr'><strong>uec</strong></span> <span class='ocrx_word' id='word_1_309' title='bbox 298 3268 402 3322; x_wconf 88' lang='lat' dir='ltr'><strong>removi,</strong></span> <span class='ocrx_word' id='word_1_310' title='bbox 419 3268 486 3330; x_wconf 91' lang='lat' dir='ltr'><strong>quod</strong></span> <span class='ocrx_word' id='word_1_311' title='bbox 498 3273 522 3318; x_wconf 72' lang='lat' dir='ltr'><strong>de</strong></span> <span class='ocrx_word' id='word_1_312' title='bbox 534 3269 593 3316; x_wconf 90' lang='lat' dir='ltr'><strong>mihi</strong></span> <span class='ocrx_word' id='word_1_313' title='bbox 603 3270 711 3331; x_wconf 82' lang='lat' dir='ltr'><strong>quaedam</strong></span> <span class='ocrx_word' id='word_1_314' title='bbox 723 3268 798 3318; x_wconf 85' lang='lat' dir='ltr'><strong>deeffe</strong></span> <span class='ocrx_word' id='word_1_315' title='bbox 809 3266 949 3316; x_wconf 80' lang='lat' dir='ltr'><strong>uiderentur.</strong></span> <span class='ocrx_word' id='word_1_316' title='bbox 966 3268 1035 3316; x_wconf 75' lang='lat' dir='ltr'><strong>Idem.</strong></span> 
     </span>
    </p>

    <p class='ocr_par' dir='ltr' id='par_1_31' title="bbox 242 3329 1159 3523">
     <span class='ocr_line' id='line_1_41' title="bbox 275 3329 1118 3394; baseline 0.005 -21"><span class='ocrx_word' id='word_1_317' title='bbox 275 3346 313 3386; x_wconf 83' lang='lat'><strong>45.</strong></span> <span class='ocrx_word' id='word_1_318' title='bbox 329 3332 472 3394; x_wconf 80' lang='lat' dir='ltr'><strong>Qamquam</strong></span> <span class='ocrx_word' id='word_1_319' title='bbox 481 3335 521 3377; x_wconf 73' lang='lat' dir='ltr'><strong>lraec</strong></span> <span class='ocrx_word' id='word_1_320' title='bbox 528 3333 580 3390; x_wconf 82' lang='lat' dir='ltr'><strong>sunt</strong></span> <span class='ocrx_word' id='word_1_321' title='bbox 589 3337 716 3389; x_wconf 61' lang='lat' dir='ltr'><strong>contraria]</strong></span> <span class='ocrx_word' id='word_1_322' title='bbox 744 3333 836 3380; x_wconf 77' lang='lat' dir='ltr'><strong>Fortius</strong></span> <span class='ocrx_word' id='word_1_323' title='bbox 852 3329 930 3377; x_wconf 79' lang='lat' dir='ltr'><strong>multo</strong></span> <span class='ocrx_word' id='word_1_324' title='bbox 943 3330 990 3379; x_wconf 75' lang='lat' dir='ltr'><strong>Pal.</strong></span> <span class='ocrx_word' id='word_1_325' title='bbox 1002 3346 1037 3394; x_wconf 82' lang='lat' dir='ltr'><strong>pr.</strong></span> <span class='ocrx_word' id='word_1_326' title='bbox 1048 3330 1118 3392; x_wconf 69' lang='lat' dir='ltr'><strong>quim</strong></span> 
     </span>
     <span class='ocr_line' id='line_1_42' title="bbox 242 3392 1159 3458; baseline 0.005 -22"><span class='ocrx_word' id='word_1_327' title='bbox 242 3394 467 3451; x_wconf 73' lang='lat' dir='ltr'><strong>hacfirnrconrraria.</strong></span> <span class='ocrx_word' id='word_1_328' title='bbox 494 3395 561 3442; x_wconf 86' lang='lat' dir='ltr'><strong>Idem</strong></span> <span class='ocrx_word' id='word_1_329' title='bbox 571 3409 629 3442; x_wconf 85' lang='lat' dir='ltr'><strong>mox</strong></span> <span class='ocrx_word' id='word_1_330' title='bbox 641 3409 737 3457; x_wconf 88' lang='lat' dir='ltr'><strong>quoque</strong></span> <span class='ocrx_word' id='word_1_331' title='bbox 746 3396 864 3458; x_wconf 78' lang='lat' dir='ltr'><strong>appellavit</strong></span> <span class='ocrx_word' id='word_1_332' title='bbox 873 3392 989 3448; x_wconf 78' lang='lat' dir='ltr'><strong>exhibet,</strong></span> <span class='ocrx_word' id='word_1_333' title='bbox 1005 3395 1063 3441; x_wconf 90' lang='lat' dir='ltr'><strong>loco</strong></span> <span class='ocrx_word' id='word_1_334' title='bbox 1074 3408 1117 3454; x_wconf 86' lang='lat' dir='ltr'><strong>pu-</strong></span> <span class='ocrx_word' id='word_1_335' title='bbox 1158 3425 1159 3434; x_wconf 58' lang='lat'><strong>,</strong></span> 
     </span>
     <span class='ocr_line' id='line_1_43' title="bbox 242 3453 1159 3523; baseline 0.001 -19"><span class='ocrx_word' id='word_1_336' title='bbox 242 3453 324 3507; x_wconf 86' lang='lat' dir='ltr'><strong>blicati</strong></span> <span class='ocrx_word' id='word_1_337' title='bbox 338 3457 450 3519; x_wconf 73' lang='lat' dir='ltr'><strong>appellas:</strong></span> <span class='ocrx_word' id='word_1_338' title='bbox 466 3457 532 3522; x_wconf 88' lang='lat' dir='ltr'><strong>quod</strong></span> <span class='ocrx_word' id='word_1_339' title='bbox 548 3457 661 3509; x_wconf 58' lang='lat' dir='ltr'><strong>haldenus</strong></span> <span class='ocrx_word' id='word_1_340' title='bbox 675 3455 766 3523; x_wconf 70' lang='lat' dir='ltr'><strong>proba,</strong></span> <span class='ocrx_word' id='word_1_341' title='bbox 787 3469 813 3509; x_wconf 89' lang='lat' dir='ltr'><strong>ut</strong></span> <span class='ocrx_word' id='word_1_342' title='bbox 828 3453 923 3509; x_wconf 72' lang='lat' dir='ltr'><strong>abares</strong></span> <span class='ocrx_word' id='word_1_343' title='bbox 937 3455 1117 3507; x_wconf 80' lang='lat' dir='ltr'><strong>admittendam</strong></span> <span class='ocrx_word' id='word_1_344' title='bbox 1158 3475 1159 3478; x_wconf 45' lang='lat'>¹</span> 
     </span>
    </p>

    <p class='ocr_par' dir='ltr' id='par_1_32' title="bbox 870 3532 1159 3580">
     <span class='ocr_line' id='line_1_44' title="bbox 870 3532 1159 3580; baseline 0.003 -11"><span class='ocrx_word' id='word_1_345' title='bbox 870 3540 875 3549; x_wconf 95' lang='lat'>·</span> <span class='ocrx_word' id='word_1_346' title='bbox 1023 3532 1115 3570; x_wconf 85' lang='lat' dir='ltr'><strong>utram·</strong></span> <span class='ocrx_word' id='word_1_347' title='bbox 1158 3569 1159 3580; x_wconf 62' lang='grc'>,</span> 
     </span>
    </p>
   </div>
   <div class='ocr_carea' id='block_1_7' title="bbox 0 0 1164 3914">
    <p class='ocr_par' dir='ltr' id='par_1_33' title="bbox 0 0 1164 3914">
     <span class='ocr_line' id='line_1_45' title="bbox 0 0 1164 3914; baseline 0 2"><span class='ocrx_word' id='word_1_348' title='bbox 0 0 1164 3914; x_wconf 95' lang='lat' dir='ltr'><strong> </strong></span> 
     </span>
    </p>
   </div>
  </div>
 </body>
</html>
