2318 3914
207 131 290 210 2708
347 125 965 198 TuscumDrsrurarronun
1076 146 1079 157 ·

204 236 272 295 dum
288 245 347 296 non
359 234 456 296 vitiose
470 236 496 295 se
508 231 618 296 habet?
637 236 772 315 sicigitur
790 237 901 298 indatus
923 240 955 298 δι
975 251 1079 300 tument

153 354 155 359 -
209 314 317 372 animus
343 315 372 372 in
398 315 469 372 vitio
489 313 534 372 ell.
578 313 702 388 sapientis
728 327 822 373 autem
850 317 961 375 animus
980 315 1081 391 semper
1122 380 1126 391 ,

50 367 204 476 {uguffissest
211 403 291 448 vacat
306 391 393 459 vitio,
412 406 567 465 numquam
579 391 722 466 turgescit,
741 402 921 466 t'numquam
935 405 1040 450 tumet.
1058 406 1081 453 at

62 481 150 528 tama.
213 466 318 525 ¹iratus
336 469 442 526 animus
468 467 606 541 ejusmodi
628 466 666 525 est
684 484 692 525 t
712 484 867 544 numquam
884 469 970 543 igitur
984 468 1082 543 sapient

92 546 119 615 ,1³-
137 546 158 616 ,B
189 553 192 557 ’
212 542 337 603 irascitur.
376 558 442 601 narn
456 542 475 599 sr
488 545 623 612 irascitur,
642 543 725 601 etiam
743 543 922 620 concupiscit.
942 546 1082 619 proprium

63 618 81 652 ¹
92 605 252 677 immed
266 621 342 679 enim
356 620 433 687 irati,
452 636 572 695 cupere,
594 617 610 678 *a
625 638 684 696 quo
696 619 773 678 laesus
790 620 935 689 videatur,
956 622 984 678 ei
1005 621 1084 694 quim

63 680 197 790 {pffnffiffi
216 697 371 754 maximum
382 695 511 754 dolorem
523 698 661 754 rinurere.
680 697 728 770 qui
741 709 835 754 autern
849 695 885 754 ia
893 698 1084 770 concupierit,

64 766 118 843 «ἦ
128 795 187 843 dp„
217 788 282 829 eum
298 768 404 831 necesse
418 770 513 841 est,-sr
528 773 556 831 id
570 772 731 831 consecutus
745 771 794 841 stt,
814 788 920 847 magno
941 774 1085 832 erelaetari.

65 858 120 907 MS.
218 864 326 924 exque
347 848 401 918 fit,
419 860 449 907 ut
470 849 561 908 alieno
590 849 666 906 malo
686 848 810 923 gaudeat.
849 791 939 926 quocl³
952 850 1084 924 quoniam

21 992 29 1007 ι
217 941 276 982 non
291 925 364 983 cadit
376 927 409 983 in·
425 924 598 998 sapientem,
618 943 653 982 ne
673 939 703 981 ur
724 924 847 984 irascatur
868 925 987 1000 quidem
1011 924 1085 983 cadit.

69 1017 132 1069 zue
142 1015 193 1063 raa.
218 998 275 1059 ²lin
291 1014 383 1061 autem
399 1000 511 1060 'caderet
525 1003 553 1059 in
563 1001 711 1076 sapientem
726 1000 1002 1075 aegritudo,caderet
1010 1001 1086 1059 etiam

69 1081 148 1141 narn
162 1074 188 1126 fi·
218 1076 364 1208 irapundia.
402 1076 610 1154 quiquoniam
632 1090 733 1144 vacat,
760 1077 923 1152 aegritudine
945 1079 1033 1136 etiarn
1047 1093 1087 1135 ra·

220 1166 252 1210 ca
271 1165 300 1210 rt.

171 1256 209 1296 20
257 1228 369 1288 Etenim
392 1227 413 1289 sr
434 1229 536 1305 sapiens
557 1230 584 1288 in
608 1229 797 1304 aegritudinem
829 1228 955 1287 incidere
980 1226 1088 1305 pollet,

87 1328 90 1333 ·
218 1303 306 1378 pollet
327 1307 410 1365 etiam
434 1307 463 1364 in
484 1305 721 1373 misericordiam,
740 1303 828 1378 posset
848 1306 877 1363 in
897 1306 1087 1367 invidentiam.

217 1398 278 1439 non
292 1381 348 1442 diti
362 1384 391 1440 in
406 1380 559 1450 invidiam,
577 1400 642 1458 quae
656 1394 717 1440 tum
733 1381 787 1451 est,
806 1380 872 1438 curn
887 1382 1033 1441 invidetur
1040 1381 1085 1451 ;ab

132 1461 136 1469 '
218 1456 371 1517 invidendo
383 1471 478 1515 ‘autem
499 1459 651 1527 invidentia
673 1457 746 1517 reste
767 1457 822 1516 dici
842 1457 959 1531 potest,
980 1456 1087 1524 artesiu-

194 1557 209 1571 ··
220 1535 326 1608 giamus
340 1535 499 1609 ambiguum
507 1553 614 1594 nornen
622 1534 734 1593 invidiae
742 1553 749 1592 :
758 1531 835 1610 quod
848 1533 969 1593 verbum
978 1533 1087 1593 dudum

71 1623 165 1675 alimis
222 1609 260 1669 est
283 1609 419 1668 ianrmn
438 1611 574 1671 intuendo
595 1612 735 1680 fortunam
762 1609 895 1680 alterius,
924 1620 996 1670 aaut
1016 1610 1087 1670 estin

71 1691 139 1742 uenat.
223 1686 402 1765 Menalippu-¹

994 1761 1089 1839 app,

220 1912 341 1963 condatur
351 1929 413 1964 nunc
425 1915 470 1964 hoe
481 1917 536 1965 loco
542 1929 661 2028 reponere.
672 1919 767 1964 Gronov.
785 1910 892 1964 Davisius
902 1912 982 1966 liade.
991 1912 1087 1966 'ruenda

220 1976 318 2027 adven.
330 1978 449 2030 tibmxvr.
466 1994 515 2043 cap.
523 1985 546 2028 6.
572 1990 652 2028 eeutus
662 1977 734 2028 edidit
746 1980 807 2025 aliud
818 1979 943 2040 quodpiam.

252 2056 288 2096 33.
304 2046 337 2087 Ut
346 2042 373 2096 eps
383 2047 406 2088 in
417 2045 557 2105 Menalippa]
571 2045 660 2106 Legete
670 2042 768 2096 malim,
785 2044 808 2087 ia
818 2041 953 2100 Menalippa.
978 2038 1014 2088 est
1029 2039 1088 2088 euim

217 2102 302 2154 fabulae
312 2118 415 2158 nomen,
431 2103 551 2153 dudtuma
564 2104 701 2180 Mpnalippa
713 2138 720 2160 ‚
736 2102 766 2150 de
777 2102 858 2167 quain
870 2102 971 2150 vinettlis
984 2102 1088 2159 couieda

220 2182 247 2219 ac
258 2171 427 2230 Metapontum
437 2168 558 2230 deportata
571 2170 596 2216 dt
607 2167 656 2224 eius
668 2180 724 2215 nato
736 2168 834 2214 nomine
844 2168 924 2212 Booto
932 2165 1013 2214 multa
1024 2164 1085 2214 sabu-

220 2232 304 2279 lantur.
321 2229 385 2339 ‹puod
397 2232 422 2280 δι
433 2230 514 2281 Strabo
526 2241 642 2279 memorat
655 2230 680 2278 in
691 2244 726 2279 rr.
740 2225 903 2294 Geographiar.
928 2225 959 2275 de
978 2227 1024 2278 hac
1036 2226 1090 2277 dixit

238 2292 326 2343 o‘e'taes
346 2306 385 2339 us:

219 2306 236 2356 P
355 2359 443 2403 Beatam
454 2355 546 2418 speciofia
558 2355 679 2416 Menalippa
694 2356 717 2400 a'a
729 2359 770 2401 Dei
783 2352 842 2415 regia
850 2353 946 2417 peperit..

222 2416 259 2479 las·
270 2429 344 2475 Varro
357 2426 381 2475 in
399 2441 430 2476 rr.
452 2427 483 2476 de
500 2432 537 2475 Re
553 2424 618 2475 Rust.
637 2426 668 2473 ait
684 2424 771 2474 bovem
793 2420 889 2472 servasse
906 2421 971 2471 filios
983 2421 1091 2486 neptuni

223 2489 381 2562 Menalippa,
397 2503 428 2537 ne
446 2490 470 2538 in
486 2489 576 2537 stabulo
592 2486 695 2537 infantes
707 2503 763 2554 grex
777 2484 849 2535 boum
861 2485 987 2534 obtereret.
1008 2491 1045 2535 De
1056 2487 1094 2534 hae

221 2551 376 2663 Merplalrppa,
390 2553 454 2625 cuius
468 2554 567 2603 nomine
579 2548 714 2615 compofitae
729 2552 781 2600 sunt
797 2546 880 2597 sabula
896 2581 903 2605 ,
919 2549 1042 2599 intellexit
1057 2547 1093 2612 Ju-

222 2629 269 2665 ven
294 2629 326 2671 rs,
342 2629 397 2665 cum
409 2627 456 2663 art:

356 2693 448 2743 Sarma,
462 2693 499 2738 rael
512 2693 645 2751 Antigenes,
657 2689 696 2748 sera
702 2689 811 2750 personata
826 2688 965 2751 Menalippes.

219 2767 273 2821 Fuit
283 2764 356 2812 altera
374 2764 522 2828 Menalippa,
538 2760 689 2831 Amazonum
702 2763 799 2824 regina,
819 2775 893 2821 quarn
902 2760 960 2810 vicit
972 2759 1091 2813 Herculea,

121 2868 124 2873 .
220 2830 290 2891 eique
301 2827 385 2875 oblato
396 2826 477 2874 balteo
489 2828 586 2875 salutern
599 2822 663 2872 dedit
679 2843 687 2881 3
703 2828 767 2877 cuius
779 2823 880 2872 Diodor.
901 2825 928 2872 dt
938 2828 1035 2889 Trogus
1047 2834 1094 2893 me:

221 2893 349 2940 minerunt.
381 2889 531 2952 Menalippa
543 2903 621 2935 autem
637 2888 679 2934 ille
690 2887 766 2950 Tydei
777 2885 913 2934 intersestor
925 2899 997 2934 natus
1008 2883 1042 2935 ess
1050 2897 1095 2940 ,err

223 2967 303 3066 crapptlfe
310 2965 365 3002 ante
380 2950 475 3007 Meum
491 2948 586 3001 corrosit
603 2947 697 3012 Tydeus
713 2950 795 2999 rabie:
816 2948 859 3012 qui
875 2947 938 3011 apud
956 2947 1096 2999 statimnira

225 3031 270 3067 roc
305 3028 381 3069 tatur:
964 3036 975 3055 ι

236 3103 238 3107 ·
495 3103 553 3118 -υ
567 3101 660 3117 ⁸¹⁸-
675 3082 740 3137 CAW
753 3071 766 3121 θ’
785 3076 841 3122 ullu
852 3074 873 3131 fi
887 3076 938 3137 fisi!
1036 3072 1042 3079 θ

364 3145 487 3204 Λγροντπ,
500 3143 638 3202 Μικαίίγρι,
655 3152 725 3187 tam.

229 3219 274 3270 Sed
284 3236 334 3270 non
345 3219 383 3268 nic
389 3221 459 3282 plane
468 3218 668 3284 diguus‘viderur,
684 3218 748 3272 cuius
759 3213 858 3261 nomine
868 3211 951 3262 sabula
962 3212 1096 3264 scriberetur.

230 3284 283 3331 Fuit
300 3285 357 3332 alius
375 3284 479 3344 Menalip
496 3298 523 3331 us
545 3283 621 3347 Tydei
637 3282 728 3334 frater,
751 3290 822 3340 quern
843 3275 940 3338 Tydeos
967 3279 993 3326 in
1019 3288 1096 3325 marn

230 3344 304 3395 senor
315 3345 448 3408 peremisse,
464 3298 496 3394 οἱ
505 3345 576 3410 idque
593 3342 745 3395 fratricidium
760 3336 880 3410 exsulasse.
907 3341 993 3403 igitur
1008 3341 1033 3389 io
1051 3344 1096 3388 Me·

231 3409 327 3473 nalippa
337 3407 418 3456 fabula
428 3412 508 3457 Graeca
517 3423 567 3460 erat
580 3409 619 3460 hic
628 3405 717 3465 versus,
732 3416 805 3470 quern
816 3416 842 3453 m
852 3403 967 3454 Latinam
975 3404 1045 3456 vertit
1056 3407 1095 3451 rte·

232 3473 294 3540 cirta,
310 3472 384 3543 po'e'ta
394 3472 513 3536 tragicas:
1036 3525 1098 3589 Q}
