2318 3914
235 129 318 189 2532
434 104 497 169 De
518 106 608 169 Fru.
629 104 730 169 Bou.
750 120 803 168 rr
824 101 946 167 Mne.

232 216 301 264 teni.
339 203 434 279 Quid,
455 205 519 263 cium
536 202 612 264 fleas
625 204 745 272 fabulas,
765 201 781 262 ὲ
795 204 893 279 quibus
906 216 937 260 47
946 204 1123 271 utilitasnul

233 283 260 340 la
275 282 338 338 duci
353 282 457 356 potest,
478 299 543 339 cum
561 282 701 355 voluptate
715 279 854 355 legimus?

190 394 226 452 52
274 359 370 431 Quid,
390 358 453 417 ciam
470 359 600 416 volumus
616 359 733 416 nomina
750 374 867 425 eorum,
882 357 933 434 qui
947 359 1022 492 epuid
1037 361 1124 437 gelle-

234 436 307 504 rint,
328 450 394 492 nota
410 436 488 494 nobis
503 432 573 503 elle,
595 448 737 508 parentes,
756 436 953 510 patriam,mu
962 448 993 494 ta
1009 452 1125 512 praeter·

116 527 143 577 r,
164 530 189 576 Β,
237 530 269 569 ea
301 511 417 569 m'nime
448 509 621 570 neceliaria?
641 510 734 586 quid,
764 509 844 586 quod
866 512 1002 571 homines
1027 514 1122 576 insnnl

237 586 368 657 fortuni,
388 588 460 646 nulla
475 589 520 662 spe
536 606 628 645 return
642 587 825 662 gerendarum
836 587 969 663 ,opifices
983 591 1122 669 denique,

87 687 104 725 a
127 670 193 723 dele·
239 663 430 724 adelectentur
445 663 583 723 historia?
604 663 783 741 maximeque
799 682 847 722 eos
863 664 960 723 videre
978 664 1122 741 pommus

87 737 182 788 &antur
239 757 282 799 res
297 742 381 816 gestas
403 743 497 799 audire
524 744 553 798 de
568 742 660 815 legere
673 741 761 808 velle,
782 740 859 815 quii
881 739 927 827 spe
942 744 1062 823 gerendi
1078 747 1122 804 ab·

88 802 165 852 '‘l''l·
237 814 315 885 suist,
336 818 458 877 confecti
471 818 619 875 seneitute.
659 819 802 890 Quocirca
817 817 931 892 intelligi
944 818 1120 891 necelleest,
1150 856 1154 863 ·

236 895 268 953 in
283 893 344 967 ipris
359 895 438 952 rebus
456 938 464 962 ,
491 911 556 969 quae
578 893 716 952 discuntur
744 896 774 951 δε
796 894 1030 968 cognoscuntur,
1052 900 1121 957 invi-

237 982 363 1030 tamenta
378 967 486 1040 inedie,
512 969 611 1047 quibus
633 969 668 1028 ad
695 969 854 1029 discendum
875 972 1119 1047 cognoscendum·

237 1064 293 1122 que
309 1064 484 1105 moveamur.

190 1152 226 1213 53
278 1124 322 1181 Ac
336 1135 443 1182 veteres
458 1123 572 1200 quidem
586 1121 766 1198 philosophi,
785 1124 815 1182 in
839 1123 990 1183 bearorum
1012 1124 1119 1197 insulis,

239 1197 372 1273 fingmt,
392 1200 477 1275 qualis
501 1199 598 1259 natur-i
619 1199 652 1257 stt
673 1202 729 1257 vita
751 1200 939 1275 sapientium,
981 1218 1035 1261 uos
1056 1220 1118 1263 cura

239 1276 321 1334 omni
340 1277 490 1346 liberatos,
509 1278 617 1335 nullutn
640 1274 818 1335 necellarium
842 1277 908 1334 vitae
932 1295 947 1335 c
979 1289 1043 1337 tuns
1074 1292 1119 1340 aut

238 1364 365 1426 paratum
381 1356 575 1429 requirentes,
602 1352 671 1411 nihil
691 1352 763 1411 aliud
787 1348 840 1411 elle
862 1352 974 1412 aeluros
997 1367 1118 1430 putant,

240 1427 292 1486 nist
306 1442 336 1487 ut
349 1448 437 1487 omne
455 1444 564 1505 tempus
586 1431 615 1487 in
637 1428 790 1501 quaerendo
817 1446 849 1486 ac
870 1428 1006 1488 discendo
1026 1434 1056 1491 in
1071 1450 1118 1492 na·

239 1516 311 1562 turae
325 1508 487 1581 cognitione
502 1505 675 1565 consumant.
703 1524 753 1564 nos
767 1518 859 1563 autem
877 1524 936 1565 non
950 1506 1042 1566 solinn
1057 1508 1118 1567 bea·

240 1592 278 1638 tae
292 1582 359 1640 vitae
373 1584 448 1641 illam
464 1583 680 1641 oblettationem
705 1582 830 1639 videmus
846 1624 855 1651 ,
874 1582 920 1641 sed
942 1585 1029 1643 etiam
1045 1584 1118 1645 leva·

243 1671 372 1716 mentum
401 1659 579 1717 miseriarum.
617 1659 710 1733 itaque
740 1658 820 1716 multi
848 1657 913 1717 cum
934 1661 964 1717 in
987 1662 1118 1735 potestate

94 1731 217 1809 bcpmin
244 1731 329 1793 client
350 1736 471 1793 hodium
499 1748 547 1794 aut
568 1747 774 1809 tyrannorum
797 1735 877 1793 multi
897 1735 947 1794 bin
970 1737 1118 1808 custodia,

93 1813 148 1856 ⁶⁰³¹·
160 1798 326 1870 helmuni
339 1811 389 1870 bin
404 1812 517 1884 exlilio,
537 1812 665 1871 dolorem
679 1811 759 1870 suum
778 1810 915 1870 dodrinae
937 1812 1032 1873 studiis
1045 1814 1119 1874 leva·

120 1904 123 1909 ·
244 1902 354 1947 verunt.

199 1995 236 2055 54
281 1965 409 2041 Princeps
421 1966 503 2043 hujus
518 1965 633 2025 civitatis
646 1965 790 2024 Phalereus
797 1965 958 2025 Demetrius
973 1965 1039 2025 eima
1054 1978 1122 2043 cpa·

96 2066 110 2102 e
125 2050 226 2116 lpatna
243 2041 295 2099 tna
306 2043 395 2117 pulsus
410 2042 475 2101 eli'et
488 2042 603 2118 injurii,
622 2042 657 2099 ad
672 2043 858 2101 Ptolemaeum
878 2042 906 2100 se
922 2060 1019 2118 regern
1033 2040 1122 2103 dAle·

94 2118 147 2164 ‘¹¹¹¹'-
247 2120 388 2178 xandriam
404 2121 529 2178 contulit.
549 2120 598 2196 qui
612 2119 675 2177 clim
690 2122 718 2177 in
732 2120 783 2176 hac
798 2118 851 2190 ipsa
865 2119 1042 2196 philosophia
1059 2163 1068 2191 ‚
1088 2118 1122 2179 ad

55 2230 58 2235 -
95 2177 330 2272 “mmmmm
352 2210 381 2254 te
400 2196 569 2265 hortamur,
590 2196 758 2266 excelleret,
785 2196 814 2254 T
816 2196 1030 2273 heophrastique
1059 2195 1124 2258 ellet

96 2240 179 2366 22¹3?
246 2273 373 2341 auditor,
394 2272 480 2329 multa
496 2273 624 2346 praeclara
637 2273 666 2329 in
680 2273 727 2329 illo
742 2271 900 2329 calamitoso
916 2273 979 2332 otio
1002 2272 1122 2350 scripfit,

163 2341 171 2357 ⁶
246 2366 305 2407 non
322 2348 356 2406 ad
370 2348 448 2406 ulum
464 2349 584 2425 aliquem
599 2349 695 2416 littam,
717 2367 774 2423 quo
789 2360 846 2407 erat
861 2348 988 2407 orbatus:
1009 2350 1123 2410 sedani·

246 2425 288 2481 mi
315 2424 402 2483 cultus
421 2425 466 2484 ille
489 2439 545 2484 erat
567 2428 592 2482 ei
615 2423 688 2501 quast
709 2426 821 2500 quidam
844 2426 1022 2485 humanitatis
1038 2428 1124 2487 cibus.

245 2498 386 2575 Equidem
408 2500 424 2559 ὲ
444 2503 497 2561 Cn.
512 2501 627 2559 Aufidio
644 2544 652 2568 ,
672 2503 803 2575 practorio
822 2544 830 2569 ,
850 2502 957 2559 erudito
983 2503 1124 2573 homine,

246 2577 334 2634 oculis
361 2590 471 2652 capto,
491 2580 561 2652 saepe
590 2578 760 2647 audiebam,
788 2596 852 2636 cum
878 2578 904 2636 se
935 2579 1004 2639 lucis
1035 2583 1125 2657 tnagis

246 2652 333 2727 quim
348 2655 469 2714 utilitatis
484 2655 616 2714 deiiderr'o
631 2655 737 2712 moveri
754 2654 864 2712 diceret.
891 2654 1027 2715 somnum
1044 2658 1125 2719 deni·

232 2746 302 2804 -que
316 2730 395 2788 nobis
413 2773 421 2799 ,
440 2731 490 2790 nili
510 2732 664 2805 requietem
695 2732 855 2805 corporibus
897 2732 926 2788 dc
948 2735 1124 2794 medicinam

245 2806 385 2938 quandam
405 2807 503 2865 laboris
524 2806 654 2876 afferret,
682 2821 778 2865 contra
805 2819 930 2866 naturam
960 2822 1126 2884 putaremus

267 2894 352 2940 atum.
372 2884 461 2941 aufert
476 2885 552 2942 enim
567 2882 653 2942 l'ensus
686 2883 882 2959 actionemque
905 2884 977 2944 tollit
991 2905 1126 2949 ornnem.

246 2957 341 3037 itaque
356 3001 365 3029 ,
383 2959 404 3019 fi
418 2972 466 3019 aut
478 2962 632 3039 requietem
648 2970 744 3020 natura
757 2978 817 3021 non
831 2972 1045 3037 quaereret‚aut
1059 2983 1124 3101 epsm

717 3062 720 3068 ·
1034 3060 1076 3119 po
1098 3056 1127 3102 et

246 3319 256 3335 ·
278 3274 318 3319 4⁷·
334 3262 497 3313 vn'litasmdla
507 3268 576 3325 duce]
588 3265 624 3317 Sic
633 3266 686 3316 edd.
699 3267 791 3332 prisca:
807 3270 910 3330 juniores
922 3271 989 3321 enlm
1000 3276 1064 3332 dici,
1082 3272 1123 3323 sed

246 3329 453 3397 mepfe,qunmvis
463 3327 495 3377 ste
505 3345 602 3393 quoque
612 3331 702 3394 aliquot
710 3332 766 3381 Pall.
775 3348 876 3396 quorum
885 3338 974 3384 &unus
985 3339 1047 3393 elici,
1054 3338 1122 3401 quod

243 3389 347 3515 plauzppi,
353 3386 540 3503 (prppt‘ppbitrares
548 3396 594 3443 Δία·
604 3406 689 3445 aarum
698 3409 729 3445 ex
738 3397 802 3455 duci,
819 3396 885 3461 quod
896 3399 1000 3451 omnino
1009 3399 1083 3451 restat
1095 3402 1122 3449 in

1014 3534 1056 3589 4⁸·
1074 3527 1122 3592 Fe.
