2318 3914
172 107 410 183 xllrnnu
450 110 762 193 Quiricus.
851 120 934 199 2767

57 212 210 274 &fimilin
248 212 370 273 Libidini
383 212 447 283 ira,
468 212 718 283 excandescentia,
739 212 861 285 odium,
880 217 934 276 ini-

59 291 168 377 micitia
182 332 198 378 2.
211 288 367 358 discordia,
394 288 542 376 indigentia
558 331 567 358 ,
608 288 772 348 desiderium
800 292 829 349 δι
843 304 934 353 cetera

57 363 932 528 quis'lffifhiuhtfercoagtnelilrieramuexiiehociicffidoagritudinern
945 465 976 522 η
1034 439 1038 453 '

56 515 208 594 susceptam
226 529 252 560 ²¹
263 529 376 594 propter
397 516 504 583 alterius
531 534 574 577 res
594 515 751 590 secundas,
783 536 848 596 quae
868 524 936 580 nihil

885 615 939 656 no-

59 760 97 805 te,
113 750 152 800 ves
164 749 280 806 mulcere,
297 749 336 798 vel
346 748 463 813 decipere)
477 760 620 813 exponeret,
636 749 699 799 hune
714 749 795 799 locum
809 748 937 803 adducent.

59 814 113 861 Nee
122 825 204 863 tamen
215 812 391 862 contemnenda
400 812 432 861 est
442 826 535 876 recepta
544 813 637 870 lectio,
658 828 716 862 nam
730 813 786 862 cium
799 828 830 863 eat
840 829 857 862 o
874 815 938 863 inio-

61 888 93 924 ne
103 877 238 926 Stoicorum
253 877 338 925 Cicero
353 878 483 941 loquatur,
498 876 540 938 qui
556 888 658 937 quatuor
673 889 761 940 genera
780 830 936 940 peltltlgatio·

60 950 122 987 num
133 936 180 988 esse
190 940 308 996 dicerent,
324 939 361 987 his
378 940 515 988 nominibus
531 937 560 985 ab
571 937 625 1001 ipsis
635 939 773 1002 appellata,
790 940 878 993 ariani,
894 940 939 1000 φό-

48 1000 125 1057 Ιβου,
139 1001 261 1062 intitulat
275 1035 284 1058 ,
299 1003 380 1051 iiiiii·
397 1002 456 1066 (ipse
466 1000 592 1064 quomodo
609 1004 719 1051 nominet
735 1001 834 1064 planum
845 1001 890 1065 eu)
907 1005 934 1054 dt

61 1060 161 1126 singulis
167 1064 290 1128 generibus
299 1076 376 1126 partes
382 1068 458 1128 piures
468 1063 618 1125 subjicerent:
633 1078 659 1113 ut
669 1065 728 1113 alias
737 1078 799 1117 nunc
811 1067 936 1120 omittam.

61 1124 129 1189 idoli
140 1160 149 1183 ‚
164 1128 189 1176 id
204 1129 236 1178 est
246 1128 362 1190 voluptati
380 1128 499 1190 (quamvis
513 1125 658 1190 quandoque
672 1127 779 1177 letitiam
796 1128 883 1177 Cicero
898 1129 937 1178 in·

60 1193 212 1253 telpletttul)
228 1188 378 1250 subiiciebant
389 1193 501 1242 κήλκτιν,
517 1190 723 1252 ἱπιχαιρικακίαυ,
739 1191 816 1252 τέρψιν
829 1227 835 1247 ,
849 1190 939 1255 ildzu-

60 1267 119 1308 cti,
135 1265 161 1300 ut
171 1253 242 1303 docet
252 1254 362 1300 Laertius
376 1254 402 1301 in
416 1253 466 1301 vita
481 1256 594 1301 zenonis.
628 1255 706 1303 Potuit
726 1254 797 1316 igitur
817 1253 935 1312 reddere,

60 1312 161 1363 verbum
177 1316 273 1367 evetbo
288 1316 391 1373 ducens,
414 1315 617 1377 impellimur,
644 1318 816 1363 malevolentiam
832 1321 937 1364 letantem

60 1378 122 1424 nalo
131 1379 208 1429 alieno.
240 1383 293 1428 Nec
303 1392 383 1426 tamen
394 1374 522 1426 lectionem
533 1376 642 1425 Marcelli
653 1391 748 1452 propter
761 1380 810 1436 eius
823 1382 938 1430 autorita-

60 1450 115 1489 tem
125 1441 254 1505 improbo:
276 1442 383 1504 quumvis
398 1454 502 1497 vereor,
518 1454 549 1488 ne
564 1440 645 1488 multis
660 1442 720 1490 locis
735 1441 889 1504 depravatum
906 1442 936 1492 sit

59 1505 201 1564 exemplar,
216 1505 281 1568 quod
292 1506 317 1552 in
329 1501 436 1552 manibus
447 1503 556 1551 omnium
567 1501 613 1551 est:
629 1503 663 1551 ita
677 1505 742 1553 enim
753 1504 812 1567 legit
823 1506 848 1554 δι
860 1519 938 1569 expo·

61 1566 102 1613 nit
112 1568 243 1618 nonnullos
253 1569 320 1618 locos
330 1567 452 1615 Ciceronis
466 1599 473 1623 ‚
488 1578 514 1614 ut
529 1566 570 1614 virt
586 1567 710 1615 videantur
723 1567 768 1615 iilo
783 1565 859 1615 modo
868 1567 937 1632 poss'e

62 1627 188 1694 intelligi,
215 1628 256 1680 nisi
278 1631 360 1680 omnia
381 1627 523 1679 mendorum
539 1631 565 1677 dc
588 1628 762 1692 perverfionum
784 1630 854 1694 plena
873 1629 935 1683 sunt.

64 1692 146 1740 Vilior.
181 1696 288 1757 Voluptati
301 1693 451 1739 malevolentia
468 1693 539 1737 satam
554 1692 611 1749 irc]
642 1693 736 1741 Nonius
750 1693 823 1756 legit,
839 1695 939 1743 maim.

61 1754 133 1803 haria
142 1756 223 1804 zallam
235 1773 244 1802 e
260 1755 298 1805 scd
309 1768 369 1803 errat
380 1754 483 1803 Nonius.
498 1749 632 1802 describitur
642 1756 707 1803 enim
718 1770 761 1813 ea,
776 1770 848 1818 quam
860 1759 938 1808 Grzci

63 1814 251 1879 ὶπιχαιριιιιιιίαν
266 1818 395 1881 appellant.
427 1814 494 1926 iufra
503 1827 582 1863 autern
593 1830 644 1863 non
654 1816 742 1882 longi,
759 1832 801 1880 pto
807 1820 848 1878 sub
854 1833 937 1868 merum

62 1893 137 1927 mem
145 1881 240 1940 filllella
250 1881 302 1939 sunt
317 1913 325 1936 ,
347 1877 437 1927 videtur
462 1877 594 1941 egendum,
609 1883 676 1927 metui
685 1893 757 1928 autem
765 1882 859 1939 subjella
869 1884 937 1942 siim,

62 1942 112 1995 &a
130 1955 155 1990 ut
167 1957 217 2006 quae
226 1943 351 2007 sequuntur
363 1943 396 1990 eis
407 1938 577 2003 respondeant,
590 1941 700 2003 voluptati·
707 1939 873 2002 malavole'mia,
887 1947 934 1998 dre.
970 1930 979 1951 ⁸

62 2005 156 2052 libidini
166 2011 201 2053 ira
213 2008 257 2060 (rc.
275 2005 365 2069 alioqui
376 2003 466 2053 videtur
476 2002 612 2066 subiungere
626 2003 728 2055 debuisse
739 2037 749 2063 ,
760 2007 800 2065 sub
808 2012 938 2070 voluptatem

62 2069 168 2119 malenti.
174 2069 215 2130 fui
223 2069 334 2119 libidinem
343 2071 378 2116 ira
389 2068 434 2120 cc.
455 2065 499 2115 nisi
508 2064 631 2125 dieamus,
648 2068 791 2118 ciceronem
801 2067 940 2122 consuluisse

64 2130 158 2180 aurium
169 2133 285 2198 voluptati
296 2134 321 2181 dt
331 2130 494 2195 perspicuitati.
525 2143 583 2179 nam
600 2131 665 2187 boc,
681 2136 766 2188 metui,
781 2145 938 2196 praeterquam

63 2193 132 2259 quod
143 2195 280 2260 ambiguum
293 2195 326 2244 est
343 2192 430 2258 (potest
445 2194 510 2242 enim
525 2193 637 2243 infinitivi
653 2193 720 2244 modi
735 2193 781 2244 else
802 2194 883 2259 pallini
898 2229 906 2249 ‚
922 2196 937 2245 a

64 2258 139 2307 verbo
154 2258 246 2320 mirum)
258 2271 372 2370 praterea
386 2255 443 2307 facit
461 2256 597 2306 orationem
611 2259 734 2317 κικίφωιον
749 2272 844 2323 propter
858 2263 868 2306 i
883 2258 940 2306 lite-

64 2322 153 2370 tamin
164 2323 248 2371 ultima
267 2320 353 2385 yllaba.
386 2324 424 2368 lta
438 2317 506 2383 supra
520 2319 599 2376 dixit,
614 2321 654 2381 sul
672 2333 750 2368 metum
761 2323 874 2382 fiiljella,
891 2324 936 2374 dcc.

65 2381 144 2441 infra,
160 2387 267 2449 voluptati
273 2385 381 2446 subjelia,
395 2384 440 2434 &a
456 2383 565 2447 quumvis
571 2384 665 2444 fuijnlia
675 2381 873 2447 subintelligatur,
884 2399 937 2433 nort

65 2445 939 2572 ‘llzlillllll·„llllllllllllltllllilllis:

302 2547 308 2561 ι
757 2543 765 2564 l

65 2570 109 2621 dat
121 2586 172 2637 cap.
181 2590 201 2623 1.
218 2587 331 2638 pag.491.
347 2573 410 2620 unde
421 2571 456 2621 vir
471 2569 556 2620 dolius
570 2572 599 2620 ad
616 2568 749 2636 marginem
764 2572 860 2619 Codicis
872 2575 939 2620 Nor·

64 2635 113 2685 vic.
129 2651 261 2701 perperam.
272 2634 421 2692 rescribebat,
430 2636 518 2695 jallans
533 2638 602 2682 alieno
617 2637 683 2685 malo.
714 2633 829 2698 Expreffit
843 2635 937 2684 Tullius

65 2696 254 2761 inexalpeuauiae
269 2698 426 2762 potestatem,
448 2711 499 2759 quae
515 2697 549 2746 est
571 2699 630 2748 lidori
647 2697 684 2746 lat
699 2697 824 2756 litamine
836 2697 915 2748 κακοῖς
930 2731 939 2754 ,

65 2772 123 2819 tut,
140 2775 165 2810 ut
176 2760 263 2811 Noster
273 2762 335 2812 infra
351 2775 401 2824 cap.
415 2775 437 2814 9.
453 2762 552 2822 voluptas
568 2777 593 2807 ex
604 2762 660 2807 maso
675 2760 765 2806 alterius
779 2790 787 2814 ,
798 2760 844 2817 fine
858 2761 941 2807 emolu·

48 2826 136 2895 ‚mro
142 2826 190 2886 fue.
207 2823 268 2873 Vide
278 2828 313 2875 M.
327 2827 356 2873 Α.
369 2830 488 2874 bluretum
499 2829 553 2872 var.
565 2824 631 2872 Leli.
639 2821 680 2871 lib.
690 2834 724 2870 tv.
741 2834 793 2884 cap.
802 2837 838 2877 η.
855 2824 938 2882 Davtss

49 2900 53 2907 ·
99 2904 138 2937 η.
156 2891 243 2948 Propter
255 2889 344 2937 alterius
354 2902 386 2936 res
391 2888 513 2948 secundun]
544 2885 676 2936 secundum
696 2882 758 2933 hanc
774 2883 940 2935 definitionem
1007 2892 1014 2901 '

67 2948 103 3000 est
112 2949 174 3001 illud
186 2950 344 3000 Horatianum
355 2966 363 2999 t

209 3014 303 3061 Invidus
314 3014 406 3062 hiterius
420 3013 530 3076 manescit
543 3013 603 3061 rebus
616 3015 701 3075 opimis.

67 3073 176 3134 Invidia,
191 3074 241 3125 five
250 3073 397 3132 invidentia,
417 3075 480 3126 cadit
494 3078 674 3133 inhominem,
696 3090 746 3124 non
760 3074 824 3124 cadit
838 3073 863 3122 in
873 3072 942 3124 brute

70 3139 212 3191 animantia.
243 3138 336 3188 invidia
347 3138 415 3189 distat
431 3139 460 3188 ab
472 3138 550 3197 odio,
566 3139 633 3201 qubd
647 3138 779 3187 invidemus
800 3139 943 3193 fortunato.

71 3198 167 3249 odimus
176 3198 301 3252 vitiosum:
318 3202 384 3264 quod
395 3201 508 3252 invidiam
519 3202 624 3265 profiteri
636 3202 806 3258 erubescimus,
823 3199 896 3249 odifl'e
903 3213 946 3263 pu·
989 3225 991 3229 v

68 3264 122 3314 iam
134 3261 244 3314 decorum
253 3265 298 3314 est:
317 3264 383 3330 qubd
394 3264 482 3314 invidia
494 3266 620 3313 hominum
632 3278 726 3314 tantum
743 3265 775 3313 esi
787 3298 793 3320 ‚
810 3263 892 3312 odium
908 3277 947 3313 re·

70 3327 191 3390 liquatum
202 3342 298 3392 quoque
308 3330 485 3383 animantium,
501 3341 527 3375 ut
547 3328 677 3377 Plutarchus
695 3329 807 3376 subtiliter
823 3324 908 3376 disserit
919 3327 947 3375 iu

71 3387 116 3439 lib.
131 3387 162 3439 de
171 3390 261 3440 Inuidia
273 3394 299 3442 δι
310 3392 383 3441 olio.
403 3393 508 3446 Invidia,
523 3402 548 3438 ut
560 3392 592 3438 uit
604 3392 725 3452 Papinius,
741 3408 793 3454 agra
803 3391 830 3449 esi
841 3392 908 3443 latis,
922 3388 947 3433 ui

72 3452 118 3516 est,
130 3454 228 3516 fecundis
237 3456 296 3510 runs
310 3457 409 3511 alterius.
442 3453 534 3509 invidia
549 3453 604 3505 cbm
622 3452 755 3505 invidentes
769 3452 875 3505 infelices
895 3447 949 3497 effi·

483 3523 540 3583 Pii
553 3528 603 3584 ltl
617 3528 650 3584 s!
890 3513 954 3572 ciat,
