2318 3914
232 117 312 196 2768
370 114 566 182 Tuscum
593 111 991 181 Drsrornrronorr

83 253 99 285 z
114 231 171 298 quid
232 240 354 287 noceant
367 225 512 286 invidenti.
550 242 615 283 nam
637 224 750 300 s1²quis
768 222 861 282 doleat
881 224 941 299 ejus
964 224 1045 284 rebus
1071 224 1106 285 se·
1155 218 1157 223 ’

83 297 206 370 ῠῐσᾱῑΜᾶ
236 304 350 374 cundis‚
369 304 385 362 a
400 316 478 378 aquo
492 301 546 376 ipse
561 303 693 369 laedatur,
713 318 773 358 non
787 299 993 360 reueheretur
1006 302 1111 362 invide·

86 359 200 467 athus
237 398 283 439 re:
304 395 352 451 ut,
372 375 771 453 sicHeetoridagamemno.
809 377 858 452 qui
872 390 969 436 autem
988 420 997 447 ,
1018 378 1065 438 cui
1077 379 1111 438 al·
1141 368 1157 439 d

86 427 208 534 ss'ffpc'emt
239 458 323 516 terius
338 456 492 519 commoda
505 454 573 513 nihil
586 466 731 521 noceant,
757 463 853 511 tamen
873 471 940 511 eum
961 453 1059 514 doleat
1076 455 1113 514 hir
1155 448 1157 459 '

89 549 159 597 raam.
241 533 312 603 frui,
331 535 353 592 is
367 532 493 591 einvidet
507 528 653 606 profecto..
684 527 841 588 AEmulatlo
860 544 956 588 autem
971 530 1113 607 dupliciter
1144 590 1148 607 ἱ

89 625 104 658 c
120 607 229 660 aectoris
241 610 285 667 illa
299 609 413 687 quidem
429 608 527 668 dicitur
543 649 551 676 ‚
572 619 603 665 ut
618 609 648 665 &
662 607 693 665 in'
705 605 787 663 laude
814 607 887 664 &in
916 608 988 666 vitio
1009 625 1114 667 nomen
1145 640 1151 685 ³.

90 673 159 721 rdem.
241 687 299 744 hoc
325 687 367 745 srt.
406 701 472 744 nam
499 686 529 742 ὃ(
555 683 674 742 imitatio
696 683 802 741 virtutis
834 683 980 742 aemulatio
1001 685 1112 744 dicitur:
1147 710 1151 719 ·

91 733 210 846 Μξζη
243 761 289 821 sed
303 759 337 821 eal
349 762 417 822 nihil
429 763 485 819 hoc
499 761 567 819 loco
587 760 711 818 utimur:
741 758 778 815 est
801 759 877 817 enim
898 759 1011 820 laudis:
1032 763 1064 820 ἃ
1080 760 1115 821 est
1147 740 1154 793 ἶ

92 813 158 910 ᾟῇω
244 841 386 898 aemulatio
420 836 580 913 aegritudo,
610 835 689 895 sreo
704 878 714 906 ,
732 835 809 912 quod
824 833 1035 913 seoncupierit,
1055 833 1116 898 alius
1148 806 1157 886 l

95 939 110 973 e
131 919 236 972 invideat
245 917 384 992 potiatur,
404 915 459 990 ipse
476 924 575 972 careat.

94 989 148 1038 MS·
286 991 460 1051 obtrectatio
475 1002 569 1048 autem
586 987 624 1047 est
638 1005 689 1055 ea,
709 1005 793 1064 quam
814 987 929 1064 intelligi
950 988 1113 1066 zelotypiam

124 1127 130 1137 ,
171 1125 177 1138 ,
204 1046 237 1105 ¹8
249 1069 334 1136 volo,
353 1066 490 1144 aegritudo
504 1083 539 1124 ex
555 1083 609 1134 eo,
628 1064 705 1141 quod
719 1066 787 1123 alter
800 1082 915 1140 quoque
930 1068 1055 1140 potiatur
1067 1085 1114 1134 eo.
1154 1082 1157 1115 ;

95 1121 219 1189 ‘¹¹¹”Ps‘
246 1144 325 1222 quod
343 1145 398 1219 ipse
418 1143 616 1217 concupiverit.
654 1141 843 1199 Misericordia
869 1143 907 1200 est
932 1143 1071 1216 aegritudo
1085 1161 1114 1200 er

96 1192 238 1302 ‘doss‘teonc
249 1219 355 1279 miseria
370 1221 495 1288 alterius,
513 1216 612 1294 injurii
625 1218 777 1277 laborantis.
815 1235 903 1276 nemo
918 1220 998 1277 enim
1014 1220 1115 1295 parrici·

97 1268 149 1364 dart.
249 1296 294 1355 dae
318 1308 366 1354 aut
387 1296 533 1371 proditoris
554 1295 686 1369 supplicio
709 1292 893 1362 misericordid
913 1308 1116 1355 commovetur.

98 1381 122 1428 r.
130 1378 239 1428 ccxlii·
248 1374 360 1447 Angor
373 1372 410 1430 est
425 1372 561 1450 aegritudo
583 1388 720 1445 premens.
757 1379 786 1424 ²3
804 1369 909 1429 Lucius
930 1372 1068 1446 aegritudo
1086 1388 1115 1430 er

249 1449 332 1524 ejus,
352 1449 400 1524 qui
422 1466 498 1509 carus
519 1449 626 1516 suerit,
652 1447 764 1506 interitu
791 1446 900 1505 acerbo.
952 1449 1061 1508 Maeror
1083 1465 1115 1505 a·

249 1525 360 1600 gritudo
382 1524 484 1583 flebilis.
539 1522 678 1582 AErumna
719 1523 854 1598 aegritudo
880 1524 1028 1584 laboriosa.
1063 1525 1114 1583 Do·

102 1614 223 1668 cerciac.
249 1602 294 1660 lor
319 1599 454 1675 aegritudo
483 1601 637 1659 ecmcians.
676 1600 854 1657 Lamentatio
888 1603 1029 1675 aegritudo
1058 1616 1112 1659 cum

101 1668 153 1714 ¹¹⁸·
251 1677 365 1752 ejulatu..
400 1676 562 1734 Sollicitudo
589 1676 725 1752 aegritudo
748 1692 813 1732 cum
836 1679 1019 1751 cogitatione.
1057 1678 1112 1735 Mo·
1153 1738 1155 1743 ,

250 1751 324 1812 lestia
350 1753 486 1827 aegritudo
507 1770 678 1828 permanens.
720 1751 872 1821 Afflislatio
900 1755 1040 1828 aegritudo
1060 1770 1113 1811 cum
1151 1748 1156 1821 !

251 1829 400 1887 vexatione
415 1831 547 1904 corporis.
585 1828 746 1903 Desperatio
765 1824 909 1903 'aegritudo
922 1832 980 1887 sine
1004 1831 1056 1889 ulla
1079 1845 1111 1887 re·
1146 1824 1155 1869 ·'

252 1923 314 1965 rum
330 1905 533 1980 exspectatione
545 1907 702 1965 meliorum.
730 1907 806 1982 Quae
819 1915 913 1964 autem
934 1904 1111 1983 subjectetur
1141 1952 1149 1985 ι.

1075 1980 1149 2081 sub:

257 2136 306 2209 clar¹
323 2133 498 2199 intabescatque
524 2133 629 2184 videndo
654 2134 764 2185 successus
783 2135 929 2192 hominum,
963 2134 1050 2186 merito
1065 2131 1114 2184 dixit

276 2211 353 2248 oeta:

258 2214 273 2263 P
395 2263 487 2308 Invidia
501 2260 579 2318 sufisiae
587 2261 661 2320 furias
675 2276 797 2326 amnemque
807 2263 908 2323 severum

396 2329 465 2379 cocyti
479 2329 564 2373 metue.
704 2324 810 2375 ucroald

288 2400 327 2442 23.
345 2388 442 2443 Luaron]
472 2391 553 2436 l'raeter
567 2384 630 2434 hanc
644 2383 841 2448 significationem
856 2389 926 2434 tuum
941 2386 1027 2439 dicitur
1039 2384 1117 2453 infiget

258 2449 419 2514 iudiciumque
428 2452 571 2506 moerentis,
587 2447 643 2495 sicut
655 2449 687 2497 est
699 2450 792 2499 vestitus
810 2450 877 2500 niver
891 2453 917 2501 δι
931 2453 1018 2514 pullos.
1051 2456 1118 2513 tugen

258 2515 278 2562 is
291 2512 384 2576 proprie
398 2512 499 2566 dicitur,
516 2513 557 2575 qui
572 2526 602 2558 ex
617 2510 683 2559 obitu
697 2513 771 2561 charae
787 2486 890 2577 perssnae
905 2514 1119 2578 necessariaequeir·

259 2576 309 2623 duit
321 2579 387 2638 nigra
398 2575 544 2624 vestimenta.
577 2574 657 2623 Scribit
675 2576 775 2633 Livius,
792 2590 914 2625 matronas
927 2576 1013 2626 luxisse
1034 2585 1120 2628 Brutum
1149 2584 1153 2635 2

259 2653 340 2687 annuo
351 2651 478 2702 tempore,
501 2651 526 2686 ur
543 2650 671 2699 parentem.
697 2642 790 2688 Contra
805 2643 883 2701 elegere
904 2638 1023 2703 fignificat
1043 2641 1122 2690 ludum

259 2700 386 2762 deponere.
419 2701 479 2765 apud
492 2701 594 2749 eundem
610 2701 662 2748 Liv.
677 2702 709 2750 ait
725 2707 752 2750 l..
765 2704 889 2758 Valerius,
911 2703 1019 2752 tribunus
1037 2705 1121 2768 plebiae
1149 2712 1152 2717 ·

259 2766 325 2826 Quid
334 2766 398 2812 aliud
408 2769 431 2813 in
440 2767 500 2812 luc‘lu
509 2767 578 2827 quum
585 2777 701 2825 purpuram
711 2781 749 2812 aue
760 2783 839 2813 aurum
848 2769 951 2828 deponunt
957 2765 1124 2830 foemi'ne?quid
1152 2796 1155 2805 ·

259 2829 323 2874 uliud
332 2824 380 2873 crim
393 2833 504 2875 eluxerunt
514 2829 624 2887 sumunt?
641 2826 749 2877 mendosi
764 2827 835 2877 codd.
849 2844 899 2876 non
911 2831 1025 2877 eluxerunt
1037 2830 1124 2885 habent,
1153 2818 1157 2903 ἲ

260 2888 298 2939 sed
309 2892 426 2950 eluserunt,
441 2904 550 2952 corrupto
561 2886 656 2937 sensu&
666 2890 746 2939 verbo.
762 2895 799 2941 M.
806 2893 898 2941 Tullius
910 2892 944 2940 ait
952 2909 957 2939 ι
965 2894 1126 2941 Patriumaluri

256 2955 306 3012 jam
319 2956 344 3004 4¹7
352 2969 402 3016 grai
410 2957 444 2999 ius
455 2957 481 3005 dy
493 2958 574 3000 diucius
582 2952 649 3015 quum
660 2956 707 2999 ullu
719 2968 788 3000 mater
797 2959 885 3003 unicum
897 2955 1127 3020 filium3stgnificaue,

196 3019 198 3022 '
261 3013 284 3063 se
295 3015 400 3078 lugendo
415 3014 534 3063 deflevisse
544 3016 622 3078 patriae
630 3020 759 3065 corruentis
775 3018 904 3069 interitum.
921 3021 1082 3068 Anthracinus
1094 3033 1128 3067 co·

261 3079 301 3126 lor
312 3081 378 3140 niger
392 3078 444 3135 cst,
466 3077 666 3143 accommodatus,
676 3079 817 3145 lugentibus.
850 3082 919 3131 Unde
936 3082 1080 3132 anthracinre
1095 3094 1129 3131 re·

262 3139 307 3187 lles
318 3143 449 3206 lugentium
459 3142 534 3189 dista.
554 3141 676 3189 anthraces
686 3145 750 3191 euim
762 3143 857 3201 Graece,
873 3144 961 3197 Latine
971 3146 1088 3196 carbonen
1095 3160 1129 3208 ep-

262 3204 386 3263 pellantur.
421 3205 504 3266 Virgil.
521 3204 610 3252 ludium
623 3218 679 3253 ante
689 3205 827 3256 vestibulum
838 3208 977 3258 inferiorum
989 3210 1128 3276 &inprimit

262 3266 320 3314 Orci
331 3264 434 3314 taucibos
445 3269 581 3315 collocavit.
599 3267 688 3330 dequo
700 3270 785 3317 cecinit
799 3271 881 3319 Silius:

359 3332 437 3375 Lusius
453 3333 509 3376 edax
524 3333 641 3395 maciesque
657 3336 722 3378 malis
737 3350 803 3379 cemes
817 3337 896 3381 addita
905 3337 993 3387 morbis.

254 3389 353 3448 Antiqui
370 3391 519 3440 declinabant
539 3394 609 3440 suetus
625 3396 680 3441 tuuc
702 3397 726 3443 in
743 3394 845 3445 secundo
861 3399 964 3457 ordine,
980 3412 1008 3450 ut
1026 3401 1128 3452 Accius:

258 3453 309 3514 ciffi
319 3458 366 3501 lunc
377 3460 409 3502 ire
420 3458 446 3508 ta·
457 3470 528 3520 rapere
539 3458 594 3508 sulii
604 3459 682 3520 vestem
690 3460 715 3507 iu
723 3460 775 3508 seclo
786 3464 887 3526 conjugit.
919 3462 998 3517 idem.

978 3566 981 3573 .
1041 3542 1081 3590 24.
1096 3526 1133 3575 Pr'·
