2318 3914
308 142 503 231 Linon
544 144 790 216 Perseus.
904 154 985 230 26r1

107 265 137 313 te
155 255 184 314 in
198 232 259 318 lroc.
268 254 396 315 sermone
412 253 549 312 dimittam
564 253 617 313 ulla
629 255 669 313 uti
683 255 808 326 ratione,
827 261 986 319 utmorsti·

109 329 138 388 bi
152 330 237 390 videri
251 331 354 391 malum
369 330 459 408 poffit.

147 405 185 464 A.
201 407 262 482 Qui
274 406 380 482 potest;
401 405 466 464 cum
481 404 527 465 illa
540 422 576 462 co
596 403 744 464 noverim?
755 407 798 465 M.
811 407 874 482 Qui
887 411 977 486 poffit,
991 425 1026 487 77

107 479 207 556 rogas?
226 495 345 543 catervae
366 483 482 542 veniunt
502 422 599 539 contr}
620 480 771 540 dicentium
787 524 796 552 ,
815 501 874 542 non
888 485 975 549 solbm

107 556 326 631 Epicureorum,
346 576 417 634 quos
430 557 558 635 equidem
574 574 633 616 non
654 557 796 633 despicio,
816 559 861 619 sed
880 561 973 622 nescio

105 648 165 707 quo
177 633 266 694 modo
282 633 449 694 dosiiffimus
463 634 579 710 quisque
593 627 814 693 rocontemrrit‘:
841 638 974 698 acerrime

102 719 198 768 autem
212 708 318 768 deliciae
333 709 727 780 meae,Dicaearchus,contra
739 711 811 769 banc
823 711 970 771 immorta-

100 781 208 869 litatem
224 782 351 845 disseruit.
370 788 392 845 is
407 786 481 845 enim
496 797 550 843 tres
563 784 644 844 libros
658 784 780 860 scripfit,
799 788 847 862 qui
857 788 970 847 Lesbia-

100 874 128 916 cr
143 872 296 930 vocantur,
315 861 392 937 qubd
407 860 549 937 Mytilenis
567 860 657 920 sermo
677 861 832 930 chabetur,
858 865 887 922 in
907 867 992 940 qui·c
1006 854 1099 914 Μὴ

99 932 149 993 bus
164 936 223 995 vult
237 937 344 996 efficere
360 980 369 1008 ,
388 939 496 996 animos
517 933 571 995 esse
581 937 728 996 mortales.
766 937 851 996 Stoici
870 933 964 1001 aurem
978 915 1007 967 fir
1017 924 1071 974 ω·

99 1020 127 1063 4¹
138 1009 244 1075 usuram
259 1014 337 1072 nobis
348 1014 512 1088 largiuntur,
532 1022 560 1065 ⁴²
569 1023 711 1088 tamquam
728 1013 897 1073 cornicibus:
919 1017 966 1078 diu

99 1087 240 1148 mansuros
255 1089 331 1167 ajunt
344 1089 477 1161 animos,¹
487 1087 592 1162 semper
605 1101 715 1165 negant.
846 1167 955 1229 XXXII

96 1311 160 1364 beret
171 1316 220 1380 qu'o
231 1317 366 1377 referretur5
382 1332 437 1368 curn
447 1318 481 1365 uti
492 1330 536 1381 pro
547 1328 571 1364 ut
581 1314 628 1365 esse
638 1315 740 1381 positum
751 1332 801 1367 non
811 1317 961 1383 ntelligeiet.

96 1379 316 1502 &metiremur
341 1440 431 1497 Abest,
448 1442 494 1500 bt,
508 1441 608 1504 opinor,
621 1440 697 1498 reste,
712 1440 759 1489 hoe
769 1438 866 1491 verbum
878 1442 908 1492 ab
919 1459 962 1495 arr·

92 1501 212 1614 {ffilib‘
225 1506 331 1566 utillud,
348 1502 483 1566 nouissimus
492 1507 592 1570 quisque,
609 1501 695 1568 speliet
706 1503 736 1553 ad
747 1502 843 1554 uerbum
853 1507 879 1551 di
895 1512 960 1558 eruit.

122 1643 159 1685 41.
175 1632 271 1691 vfstrum
282 1632 339 1679 nobis
350 1633 484 1692 largiuntur,
500 1641 602 1692 unquam
613 1629 748 1686 consulu]
778 1631 908 1680 cornicum
923 1632 959 1680 vi·

90 1691 178 1740 tacitas
189 1694 203 1740 d
213 1694 294 1743 multis
304 1692 436 1743 nonoribus
446 1690 582 1742 celebratur.
598 1689 713 1741 Hefiodus
727 1691 790 1755 apud
808 1693 958 1745 liutardum

88 1752 120 1803 tle
131 1757 199 1805 Orac.
212 1756 297 1806 defert.
308 1770 362 1821 pag.
371 1771 425 1815 415.

227 1829 306 1877 ’Enisa
322 1845 357 1876 rot
373 1823 424 1890 (tier
441 1825 516 1890 peterit
533 1823 645 1887 λακίρυζα
659 1825 744 1885 neptita-

85 1899 173 1948 Latine
186 1896 428 1951 ficteddit'Ausonius
437 1898 524 1961 Eidyll.
537 1912 616 1954 xrrrr,
628 1913 649 1951 t·
796 1945 807 1969 a

224 1966 268 2009 Hes
281 1964 367 2026 (viros)
382 1968 455 2011 novies
462 1961 549 2025 superat
559 1962 652 2023 vivenda
659 1960 749 2021 garrula
761 1962 840 2009 umix.

86 2021 146 2071 Vide
159 2023 296 2074 &Plinium
308 2025 435 2077 nitunt.
448 2023 487 2073 lib.
500 2037 549 2073 err.
571 2036 621 2085 cap.
632 2030 670 2081 48.
697 2023 759 2070 ilinc
773 2027 879 2070 cornicum
888 2025 953 2084 fieriu

82 2085 170 2132 neruda
183 2100 300 2137 memorat
310 2089 430 2138 Lucretius
439 2087 478 2136 lib.
486 2101 508 2137 v.
527 2098 581 2150 pag.
593 2093 645 2141 ⁶9⁴·
663 2086 687 2132 dt
699 2086 780 2133 cornix
794 2085 895 2134 Horatio
909 2087 951 2137 lib.
992 2102 996 2109 ·

82 2162 129 2198 ιη,
148 2146 195 2198 od.
207 2163 274 2207 xurr,
285 2165 321 2206 rr.
336 2153 413 2212 annosa
424 2149 521 2206 dicitur,
537 2150 587 2210 qub
597 2144 695 2210 respexit
711 2145 811 2199 lfidotus
825 2148 892 2211 orig.
908 2149 950 2198 lib.

80 2224 132 2260 xrs.
151 2225 201 2275 cup.
210 2228 231 2266 7.
247 2214 313 2263 l’lura
323 2210 478 2280 suppeditabit
496 2211 531 2261 vir
543 2212 583 2260 cl.
600 2207 671 2274 Joao.
686 2209 791 2260 Clericus
805 2208 836 2260 ad
850 2208 951 2260 redonis

80 2273 229 2324 Albinovani
240 2276 305 2339 Eleg,
318 2291 351 2334 rr,
363 2292 414 2333 117.
447 2272 562 2332 Davifius.

111 2352 150 2394 42·
167 2342 278 2402 Tanquam
289 2340 428 2397 cornicetur]
459 2342 546 2392 Maro,
566 2333 606 2384 vel
622 2333 747 2398 quisquam
757 2334 869 2401 interpres
884 2334 948 2392 suit,

76 2398 206 2512 &plicavit
218 2414 270 2451 rem
285 2398 404 2475 proposita
418 2399 523 2453 bominis
541 2410 609 2447 atate
629 2410 746 2447 annornm
761 2408 825 2451 acu.
845 2399 882 2448 hit
896 2412 949 2448 ver-

115 2476 161 2510 us:
354 2478 355 2483 ¹

216 2530 258 2574 Per
270 2527 329 2575 stus
342 2526 449 2590 deciesque
463 2542 539 2573 navens
549 2524 656 2587 supererit
671 2525 695 2570 in
709 2539 773 2569 annos

215 2587 279 2647 Just
287 2589 427 2649 senescentum
441 2605 492 2652 quot
507 2591 538 2636 int
553 2590 580 2634 ser
594 2590 645 2633 vita
657 2589 765 2636 virorum,

217 2655 262 2697 Hos
276 2655 349 2698 nevies
359 2651 513 2713 superstruitur
543 2669 553 2696 n
564 2650 756 2710 genuinumne,

214 2717 245 2760 Et
259 2727 334 2777 quater
348 2716 454 2777 egreditur
468 2716 557 2760 cornicis
566 2714 639 2773 secula
651 2720 734 2760 ceruus.

215 2777 331 2837 ,alipedem
344 2792 431 2823 cervum
444 2790 476 2823 ter
489 2778 559 2822 vincit
572 2790 664 2829 coruus,
681 2777 705 2824 du
721 2773 787 2820 illum

213 2839 349 2899 Multiplices
362 2842 435 2885 novies
445 2840 549 2900 phoeuix,
563 2837 689 2899 reparabilis
701 2838 764 2890 uses,

210 2903 288 2955 Quum
303 2917 342 2949 vet
352 2912 446 2963 perpetue
461 2903 526 2951 tectu
539 2901 669 2962 prevertitis
683 2913 727 2944 eve

209 2968 309 3025 Nympha
323 2965 497 3023 Hamadryades,
511 2977 604 3025 quarum
618 2958 734 3024 sengifflmn
747 2957 797 3003 vitu
811 2954 849 3015 est,

211 3030 245 3073 Hi
258 3024 414 3084 conticuerim
427 3027 519 3072 vivacia
528 3024 581 3083 fate
596 3027 747 3076 animantum,

138 3123 140 3130 ·
210 3095 281 3136 cetere
291 3089 369 3148 secreti
380 3091 442 3137 novit
458 3093 517 3134 Deus
530 3089 610 3134 arbiter
624 3089 673 3134 eui.

70 3149 117 3199 sed
127 3150 199 3201 nimia
208 3163 300 3214 quanta
311 3151 402 3200 summa
412 3163 530 3198 annorum
539 3148 569 3199 de
577 3148 614 3197 his
625 3147 689 3195 exire
704 3141 890 3210 prudentioribus
904 3143 941 3194 ni·

69 3212 130 3261 sum.
163 3213 242 3278 itaque
251 3214 325 3263 etatis
337 3214 437 3262 nomine
446 3225 535 3260 annum
545 3211 698 3266 intellexere,
712 3221 737 3257 ut
751 3204 807 3256 esset
821 3207 870 3256 vita
884 3206 941 3254 lon·

70 3273 172 3340 gislinra.
205 3277 372 3342 Nympharum
386 3289 504 3329 annorum
520 3273 601 3321 novies
620 3272 723 3321 millium
738 3262 940 3333 septingentorum

70 3344 97 3388 bt
110 3338 202 3403 viginti.
218 3355 272 3391 curn
283 3339 365 3403 quibus
377 3338 395 3388 st
411 3339 461 3399 jam
471 3338 529 3385 alias
541 3336 643 3385 summus
653 3334 850 3396 multiplicemus,
864 3346 944 3395 quan·

65 3416 119 3453 tttm
131 3402 294 3452 immensitatis
303 3404 422 3452 exiturum
434 3400 462 3451 lit
474 3400 545 3449 facile
556 3412 623 3463 potes
635 3398 825 3447 animadvertere.
858 3393 885 3443 bi
900 3408 943 3442 au·

65 3479 117 3514 tem
128 3462 382 3530 ntatemficaeeepere
394 3500 402 3524 ‚
414 3477 440 3515 ur
456 3477 531 3576 υοιιῃηι
548 3458 595 3511 effe
608 3474 733 3511 numerum
751 3461 777 3510 bt
792 3455 878 3508 eadum
893 3455 944 3565 ugni
1041 3466 1100 3672 c

505 3542 531 3572 ee
547 3542 590 3573 ere
604 3541 630 3571 ee
647 3540 658 3578 3
922 3531 945 3565 i·
