2318 3914
257 117 339 197 2766
399 112 1005 187 Tuscuu.D1suurnurouuu

257 226 347 285 tiones
359 224 421 287 sunt
435 270 445 297 ,
462 239 517 286 tres
530 226 693 286 constantiae
707 269 716 299 ,
735 227 869 305 quoniam
886 226 1043 304 aegritudini
1055 227 1128 290 nult·

161 310 164 314 '
257 302 409 362 constantia
425 304 585 379 opponitur.
1125 308 1130 327 ‘

295 379 363 438 Vll.
383 381 457 440 Suu
479 398 606 438 ouuus
626 378 842 455 perturbationes
856 380 1004 456 ²0judicio
1019 380 1115 441 censent

256 452 316 514 fieri
342 458 373 514 δι
402 459 545 532 opinione.
591 457 688 532 Itaque
717 474 762 514 eas
788 455 923 515 deliniunt
943 458 1053 532 pteffiirs
1067 500 1077 527 ,
1093 471 1133 517 utr

255 532 421 666 iutellifiatur
435 553 494 592 non
508 531 596 592 modb
610 533 696 609 quim
718 533 824 590 vitiosae
839 574 848 603 ,
866 532 913 592 sed
935 535 1021 592 etiam
1043 533 1115 611 quan
1132 590 1135 595 .

256 609 287 668 in
305 627 344 668 uo
366 627 395 668 ra
408 608 460 668 lint
472 609 614 684 potestate.
652 607 690 667 est
704 609 785 684 igitur
811 609 948 684 aegtitudo
974 612 1071 686 opinio
1084 626 1117 668 re·

187 750 190 755 Δ
257 701 324 744 cens
338 685 403 745 mali
417 685 573 760 praesentis,
587 687 687 761 inquo
702 685 812 744 demitti
833 687 1019 761 contrahique
1033 689 1117 747 animo

258 761 366 821 tellum
381 760 434 820 elle
448 761 581 821 videatur.
616 762 728 830 laetitia,
748 761 844 836 opinio
861 779 957 820 recens
977 762 1047 820 boni
1060 782 1120 840 pte·

259 836 340 897 scutis
356 882 365 908 ,
383 839 413 896 in
439 855 498 914 quo
519 836 609 896 efferri
629 837 735 896 testum
766 833 819 894 elle
840 836 974 896 videatur.
1015 856 1119 913 metus,

259 916 357 988 opinio
371 913 558 990 impendentis
573 914 654 982 mali,
674 912 752 990 quod
772 912 943 972 intolerabile
968 912 1025 972 else
1038 914 1119 975 videa·

258 1001 311 1048 tur.
347 989 452 1059 libido,
471 991 568 1066 opinio
587 992 697 1048 venturi
711 990 794 1059 boni,
814 988 892 1066 quod
910 988 944 1048 fit
958 1008 995 1050 ex
1011 990 1059 1049 usu
1067 994 1116 1069 jnu

259 1065 376 1141 praesens
396 1063 450 1124 elle
475 1081 558 1143 atque
577 1063 674 1125 adesse.
1149 1142 1152 1149 Ι

217 1142 1118 1295 ¹⁵,illilulllllll“llllssullllll‘sbl'ffll'illnb‘l
1149 1186 1153 1199 ’

259 1293 373 1364 dicunt,
392 1261 489 1354 lerum
505 1295 549 1354 illa
564 1296 667 1367 etiam,
685 1312 751 1372 quae
772 1295 927 1354 efficiuntur
949 1296 1117 1371 perturbatio·

261 1370 357 1443 nibus,
377 1385 408 1431 ut
421 1372 556 1447 aegritudo
570 1371 645 1448 quast
666 1371 789 1431 morsum
808 1371 930 1447 aliquem
954 1370 1058 1433 doloris
1069 1372 1117 1431 efli-

140 1474 166 1527 ρ,
185 1473 214 1523 l.
261 1446 332 1514 ciat;
373 1461 462 1507 metus
482 1446 614 1506 recessum
629 1448 766 1523 quendam
790 1448 875 1507 animi
901 1449 932 1506 ὅ(
946 1449 1059 1525 fugam3
1076 1450 1116 1507 lae·

256 1523 317 1582 titia
332 1525 469 1600 profusam
489 1525 676 1603 hilaritatem
702 1524 787 1582 libido
806 1521 970 1582 effrenatam
999 1537 1114 1658 appeten·

110 1634 126 1670 v
141 1610 250 1663 tenitas,
258 1601 335 1659 tiam.
374 1601 586 1676 vopinationem
601 1613 711 1669 autem,
732 1617 816 1675 quam
830 1601 859 1659 in
873 1617 974 1659 omnes
990 1600 1027 1659 dc
1046 1602 1123 1661 uitio·

109 1686 154 1731 atra
165 1682 218 1744 opt·
259 1692 307 1734 nes
321 1676 469 1752 superiores
482 1677 655 1748 inclufimus,
673 1674 772 1736 volunt
793 1672 847 1735 elle
860 1675 1029 1737 imbecillam
1045 1675 1111 1737 aset-
1139 1708 1142 1715 ·

109 1747 217 1796 uiouem.
259 1751 375 1812 fionem,
1143 1752 1146 1761 '

215 1839 248 1898 16
296 1829 350 1888 Sed
370 1829 478 1905 singulis
497 1830 742 1908 perturbationibus
763 1841 851 1906 partes
871 1829 999 1906 ejusdem
1020 1830 1109 1908 generis
1143 1820 1148 1841 ⁵

107 1905 346 1980 :subiciunt-plures
361 1908 560 1980 ¹subjiciuntut
583 1928 591 1966 e
618 1919 648 1966 ut
676 1906 830 1983 aegritudini
855 1908 1010 1969 invidentia
1030 1914 1111 1984 (utten-

106 1984 207 2034 turns,
257 1983 325 2041 dum
341 1982 379 2042 est
393 1987 469 2044 enim
486 2027 494 2053 ,
514 1983 634 2044 docendi
653 1983 755 2052 cauti,
776 1984 861 2041 verbo
883 1985 975 2043 minus
1005 1984 1110 2044 usitato:

255 2061 390 2133 quoniam
405 2061 507 2121 inuidia
520 2078 578 2119 non
592 2063 620 2119 in
635 2079 689 2129 eo,
708 2061 756 2136 qui
770 2059 896 2129 invidet,
915 2060 1006 2120 solum
1017 2061 1112 2128 dicitu,

254 2136 300 2194 sed
316 2136 399 2194 etiam
413 2140 442 2196 in
456 2155 510 2204 eo,
530 2138 575 2195 cui
588 2136 736 2208 invidetur)
757 2135 922 2203 aemulatio,
943 2137 1114 2205 obtrestatio,
1144 2158 1153 2235 p

254 2211 454 2281 misericordia,
473 2230 576 2287 angor,
594 2213 698 2281 luctus,
718 2229 838 2277 maeror,
857 2229 1003 2282 aerumna,
1023 2213 1112 2279 dolor,
1151 2240 1153 2249 =

254 2287 434 2357 lamentatio,
452 2288 629 2357 sollicitudo,
650 2288 796 2357 molestia,
816 2287 957 2348 afflictatio
975 2333 984 2359 ,
1005 2289 1114 2365 despert-
1147 2352 1150 2359 ,

105 2384 212 2450 ,metui
255 2366 312 2430 tio,
335 2363 596 2439 &siquaesuntde
612 2383 712 2440 genere
727 2364 837 2423 codem.
873 2365 942 2423 asub
957 2380 1113 2425 metumau·
1146 2386 1150 2399 ·

105 2450 215 2502 tamam
253 2452 312 2498 tem
326 2439 443 2514 subjecta
458 2440 518 2499 sunt
532 2442 636 2517 pigritia
655 2485 664 2509 ,
682 2441 794 2516 pudor,
814 2453 925 2509 terror,
946 2444 1033 2500 timor
1048 2485 1056 2511 ‚
1073 2458 1114 2517 pt·
1148 2488 1153 2523 ‚

104 2514 156 2564 atri.
253 2533 323 2582 vor,
343 2518 530 2586 exanimatm,
549 2519 739 2586 conturbatio,
759 2517 891 2576 formido.
932 2529 959 2558 ²¹
978 2517 1114 2594 Voluptati
1149 2526 1153 2581 l

254 2592 441 2653 malivolentia
453 2593 548 2654 laetans
569 2594 644 2654 malo
665 2595 782 2665 alieno,
802 2593 973 2665 delectatio,
1010 2596 1117 2731 jactata
1150 2584 1153 2675 l

1150 2694 1153 2717 l

284 2840 321 2874 20.
337 2824 424 2884 Judiclo
435 2827 512 2888 cenfint
519 2828 592 2888 ficrl.]
605 2824 631 2877 ld
642 2824 674 2875 est
685 2824 751 2889 replete
762 2826 787 2874 δι
799 2826 857 2889 life.
872 2823 902 2873 de
912 2839 962 2885 quo
969 2824 1118 2888 quidemupu

254 2885 361 2938 similiter
379 2897 455 2939 zeno.
498 2905 555 2939 nam
572 2891 612 2940 ille
628 2891 661 2939 cl
675 2890 814 2950 albedinis
834 2887 879 2937 else
895 2889 941 2936 τῶν
960 2888 1072 2939 inausum
1091 2889 1119 2951 es

251 2952 337 3008 πρίω,
352 2953 399 3000 hoc
411 2951 445 3005 est
456 2951 499 3004 calc
515 2955 684 3014 intptpreptlrcc
699 2951 752 3001 acle
768 2956 847 3011 κρίσεσι
865 2949 965 3000 natatile
984 2953 1025 3000 real
1042 2953 1118 3003 λύσας.

249 3027 301 3090 (pue
312 3027 455 3079 quocunque
465 3015 540 3064 modo
554 3017 716 3078 interpretatus
727 3012 808 3070 fitero,
825 3015 908 3062 melius
920 3015 945 3062 dt
957 3014 1052 3075 planius
1058 3016 1120 3061 Gre-

250 3090 278 3124 ce
289 3075 402 3126 dicentur.
435 3075 594 3142 significantur
609 3091 688 3126 autem
702 3078 777 3125 animi
792 3077 968 3126 contractiones
985 3080 1011 3125 δι
1024 3075 1120 3125 dissolu·

249 3139 348 3194 tiones,
394 3154 445 3204 quae
465 3142 545 3203 aliqua
572 3139 602 3189 de
625 3156 651 3189 re
672 3139 784 3201 judicium
804 3139 929 3201 sequuntur
950 3140 975 3186 δι
993 3140 1120 3202 excipiunt.

253 3199 302 3249 ltaec
317 3202 350 3250 ita
360 3205 466 3251 Galenus
476 3202 546 3252 tradit
557 3203 597 3251 lib.
606 3218 628 3254 v.
646 3203 785 3252 rlacitorum
804 3201 990 3265 Hippocratis&
1008 3202 1121 3251 Platonis.

249 3263 336 3325 preffius
349 3278 430 3314 autem
444 3263 477 3314 est
494 3266 604 3316 subtilius.
621 3278 646 3314 ut
656 3267 681 3315 in
693 3266 766 3316 Acad.
778 3268 802 3314 δι
814 3265 844 3314 de
854 3266 904 3314 Flu.
913 3277 947 3312 ιν.
980 3272 1087 3313 camerae.

282 3341 320 3373 21.
337 3331 446 3390 Voluptati
459 3332 611 3377 malevolentia
626 3333 698 3377 latam
712 3334 770 3377 malo
784 3332 878 3387 aliena]
916 3328 952 3375 Sic
969 3326 995 3376 ln
1012 3327 1121 3378 omnibus

250 3385 330 3450 priscis
340 3395 457 3453 novisque
466 3408 517 3456 que
528 3393 577 3441 vidi
587 3394 766 3457 exemplaribus.
800 3397 867 3442 Nou.
886 3404 969 3440 tamen
980 3392 1122 3443 Marcellus,

249 3464 295 3518 pro
309 3452 394 3509 latens,
410 3456 490 3503 sadans
500 3456 576 3520 legit,
591 3456 647 3508 cium
656 3457 753 3507 verbum
763 3458 842 3507 latiare
859 3454 935 3520 (quod
946 3455 969 3506 ei
984 3454 1021 3506 est
1030 3454 1124 3506 induce·

1086 3529 1126 3573 Νι
