2318 3914
239 111 722 183 LraurrPrrruus·
836 115 917 199 2589

48 245 104 291 um
118 225 197 288 nolle
211 224 378 302 possumus,
403 244 526 305 quorum
547 228 622 285 varia
642 225 810 301 compositio
832 230 918 288 eriam

48 307 201 365 rarmonias
215 304 299 362 efficit
312 302 418 379 plures:
439 304 632 363 membrorum
652 301 722 361 vero
737 302 801 362 srtus
828 306 858 363 &
886 304 920 363 fi-

48 400 110 461 gura
124 382 247 457 corporis
262 423 272 450 ,
290 397 392 439 vacans
405 382 502 440 animo
521 424 530 451 ‚
550 398 636 456 quam
649 379 730 454 pollit
743 380 920 440 harmoniam

48 458 155 517 efficere
179 477 239 517 non
255 457 340 516 video
357 477 365 514 ε
385 457 431 517 sed
445 459 490 516 hic
504 457 637 533 quidem,
657 446 784 531 quamlrs
798 457 919 517 eruditus
930 462 953 512 P.
963 464 1059 515 ervit.

48 534 94 603 il,
114 534 183 593 sicut
197 534 252 603 est,
271 536 335 593 haec
349 535 476 607 magistro
496 534 634 605 concedar
653 532 817 591 Aristoteli:
838 531 921 592 8⁸ca·

48 628 111 670 rere
124 610 179 686 ipse
193 610 303 670 docear.
342 610 413 669 bene
434 611 511 671 enim
523 611 572 669 illo
589 608 738 687 proverbio
752 610 919 671 Graecorum

48 688 222 763 praecipitur,
442 691 444 695 ’

121 761 252 839 &Quam
270 763 376 841 quisque
390 765 461 821 norit
473 779 577 831 artem,
596 762 626 821 in
641 763 725 837 hacsi
741 780 863 821 exerceat.

82 839 162 898 illam
178 840 246 898 vero
264 842 386 899 funditus
401 841 542 915 ejiciamus
550 840 757 899 individuorum
766 859 917 915 corporum
928 855 963 905 42

48 916 172 974 ¹levium
188 920 217 973 &
233 918 417 975 rotundorum
432 916 645 975 concursronem
660 918 802 975 fortuitam
815 936 915 994 :quarn
929 929 945 961 ¹¹
959 914 1053 991 hylum

48 1010 142 1051 :amen
164 994 346 1052 Democritus
367 993 606 1052 ⁰concalefa8tam
633 995 663 1051 δι
683 992 860 1067 spirabilem,
889 996 918 1053 id
930 981 1010 1038 oanis.

48 1070 86 1128 est
106 1070 274 1137 animalem,
296 1070 349 1127 elle
363 1070 484 1128 avorurt.
521 1072 543 1128 ir
558 1083 652 1129 aurem
666 1072 795 1139 animus,
816 1073 879 1146 qui,
900 1043 1026 1154 srssaffi

48 1146 88 1204 est
102 1146 204 1205 horum
219 1157 349 1222 quattuor
363 1164 516 1220 generum,
536 1159 594 1205 uex
616 1146 713 1222 quibus
735 1148 831 1205 omnia
852 1166 921 1206 con·
933 1170 984 1215 Mn:

48 1222 116 1281 liare
130 1221 275 1291 dicuntur,
295 1242 329 1281 ex
343 1223 513 1282 inflammata
528 1224 619 1281 anima
632 1223 755 1291 constat,
774 1237 805 1282 ut
820 1226 921 1298 poriffi-
930 1245 946 1295 p
963 1232 1014 1280 vult
1034 1224 1038 1235 '

48 1296 130 1358 mum
146 1299 232 1358 videri
252 1299 335 1357 video
356 1300 504 1366 Panaetio,
523 1299 659 1373 superiora
679 1297 795 1375 capessat
815 1300 921 1360 necesse
933 1297 1004 1345 MSS·

48 1374 98 1434 est.
117 1375 185 1433 nihil
200 1376 276 1434 enim
288 1376 391 1434 hahent
404 1378 466 1433 lraec
482 1376 539 1433 duo
554 1394 654 1450 genera
671 1377 770 1451 proni,
790 1377 920 1451 &supera
931 1356 1036 1471 qnssmdfv
1047 1444 1059 1458 ⁸

48 1450 158 1526 semper
170 1464 276 1526 petunt.
314 1454 406 1521 90ira,
426 1452 482 1509 five
497 1452 652 1526 dillipanrur
672 1452 769 1527 procul
791 1452 807 1509 a
829 1437 1046 1535 rerrls‚{,',·„,¹¹‘„⁰

48 1528 81 1587 id
95 1531 205 1587 evenit:
225 1528 282 1588 five
295 1540 457 1604 permanent
471 1530 501 1586 &
517 1529 678 1587 conservant
691 1528 816 1587 habitum
831 1529 921 1600 suum,
932 1520 1030 1611 almiro,

48 1604 110 1663 hoc
125 1606 209 1663 etiarn
224 1608 310 1681 magis
323 1603 430 1664 neceffe
445 1605 482 1663 est
497 1606 617 1663 ferantur
638 1604 673 1662 ad
695 1606 794 1663 caelum
812 1649 820 1674 ‚
841 1608 871 1664 δε
890 1609 923 1665 ab
933 1626 962 1658 ex
973 1611 1037 1675 quib.

50 1681 95 1740 his
109 1696 299 1758 perrumpatur
331 1684 362 1741 &
383 1681 520 1741 dividatur
543 1678 638 1739 crassus
656 1681 702 1739 hic
736 1683 765 1739 &
781 1677 1011 1742 concretusfflmb·

50 1763 128 1824 aer,
147 1760 195 1834 qui
217 1759 255 1817 est
274 1771 353 1817 terrae
375 1760 526 1833 proximus.
565 1758 678 1815 calidior
698 1757 736 1816 est
757 1760 856 1829 enim,
883 1761 929 1821 vel

51 1833 146 1910 potius
158 1834 297 1893 ardentior
309 1836 417 1895 animus
436 1834 522 1910 quam
543 1834 580 1891 est
603 1835 648 1892 hic
663 1840 710 1892 aer
727 1877 736 1903 ‚
763 1853 849 1911 quem
864 1857 926 1896 mo·
936 1848 948 1880 r
960 1848 991 1909 ᾳ
1001 1846 1057 1888 ren.

52 1908 95 1969 do
110 1910 167 1969 dixi
188 1909 302 1969 crassum
334 1924 417 1987 atque
445 1923 617 1969 concretum.
656 1911 734 1986 quod
755 1928 789 1968 ex
811 1931 847 1970 eo
869 1916 927 1972 sciri
936 1898 986 1946 ⁶²¹²·

51 1986 164 2063 potest,
183 1988 247 2062 quia
263 2004 379 2063 corpora
399 1987 504 2052 nostra,
519 1999 646 2045 rterreno
660 1987 858 2062 principiorum
880 1961 1076 2075 ge-Zucpmffff

53 2080 125 2123 uere
138 2064 304 2132 sconfecia,
323 2063 420 2122 ardore
434 2065 520 2122 animi
533 2063 733 2122 concalescunt.
937 2039 1062 2142 feralior.

95 2139 174 2198 XIX.
194 2142 420 2208 ‘Acerram
446 2152 498 2197 vut
518 2142 554 2199 e'o
575 2138 678 2199 facilius
699 2141 807 2199 animus
830 2143 969 2221 eundat‘a3

56 2235 93 2275 ex
106 2217 164 2274 hoc
178 2222 259 2285 aere,
279 2236 365 2293 quem
381 2216 454 2293 saepe
471 2218 530 2291 jam
550 2217 704 2292 ¹appello,
725 2236 847 2294 eumque
867 2236 945 2294 per-t
963 2228 1055 2282 Accidit

55 2306 184 2368 rumpat,
204 2293 283 2370 quod
296 2295 362 2352 nilril
377 2293 414 2351 est
428 2294 523 2352 animo
538 2295 660 2352 velocius
674 2316 684 2361 ς
705 2295 778 2353 nulla
802 2296 839 2352 cst
854 2298 921 2355 cele·
936 2290 987 2337 MS.
1004 2298 1036 2359 R·

55 2370 137 2437 ritas,
157 2370 316 2458 quaenpoffit
330 2388 395 2428 cum
410 2371 496 2427 animi
509 2370 646 2428 celeritate
654 2371 832 2429 contendere.
851 2366 950 2448 quisrv
965 2366 1006 2401 ⁶⁰²

58 2460 204 2520 permanet
223 2461 395 2523 incorruptus
414 2447 508 2523 suique
522 2446 634 2505 similis:
654 2446 761 2506 necesse
780 2448 817 2505 cll
830 2450 867 2507 ita
889 2450 929 2507 fe·
940 2416 1066 2542 ssasspalrn

889 2545 927 2584 ra·
938 2542 1038 2595 crassum

939 2608 989 2656 alii.

91 2714 130 2755 88.
148 2712 224 2752 canera
234 2707 275 2767 ipse
283 2707 373 2764 decenn]
382 2705 548 2755 Aristoxenum
559 2706 636 2756 irridet
646 2721 846 2772 commonetque,
864 2721 889 2755 ut
899 2709 930 2757 de

57 2771 142 2817 anima
153 2784 201 2815 non
213 2770 342 2831 loquatur,
368 2769 406 2818 sed
417 2769 441 2817 id
456 2770 576 2818 Aristoteli
589 2771 701 2836 magistro
711 2772 827 2833 relinquar
840 2787 847 2817 ε
863 2770 931 2820 oble·

59 2833 138 2882 elerru
148 2832 196 2894 ipse
212 2831 267 2879 lane
282 2846 371 2888 cantu,
388 2835 453 2889 iuxta
470 2834 528 2881 illud
541 2836 716 2882 Horatianum:
732 2836 789 2900 Qu
801 2836 931 2882 medicorum

54 2899 110 2957 sune
120 2896 214 2942 tradant
224 2897 315 2949 medici,
331 2899 423 2944 traam
430 2896 524 2953 fabrilia
530 2897 600 2957 falari.
620 2897 728 2945 Beroald.

93 2968 130 3011 89.
147 2960 224 3020 Quam
236 2962 326 3021 quisque
335 2964 489 3016 noricorum]
508 2948 590 3008 Versus
600 2960 632 3011 est
643 2975 673 3007 ex
685 2955 841 3020 Aristophane
852 2972 929 3007 tranr-

60 3024 137 3079 latus,
153 3036 199 3096 neq
208 3021 237 3069 ab
247 3024 289 3077 iis,
304 3023 345 3084 qui
354 3021 477 3085 proverbia
487 3024 647 3086 collegerunt,
663 3020 853 3071 animadversus:

199 3077 273 3145 ’ἕρδοι
285 3083 321 3134 ‘rlc
336 3084 358 3132 {lv
375 3084 400 3132 ἄν
415 3085 509 3137 sarae&
525 3087 587 3136 irari„
600 3089 687 3146 aspro.
718 3085 792 3142 vrfin.

95 3163 134 3199 90.
150 3149 240 3207 uastae
250 3148 387 3210 dffpanrur,
406 3150 478 3208 procul
488 3148 503 3193 ci
515 3153 578 3195 rerrr's
589 3151 613 3195 id
623 3153 713 3207 caenia]
726 3145 815 3196 Turbae
826 3145 926 3197 bicedlt.

61 3214 124 3259 Ven.
140 3215 207 3260 Μ).
221 3228 289 3274 1491.
305 3209 432 3264 exhibens,
444 3214 476 3256 ira
492 3213 516 3257 id
526 3214 614 3267 evenit,
626 3212 673 3269 five
687 3211 812 3274 diffiniuntur
827 3212 929 3269 procum

57 3276 135 3322 terris.
155 3274 241 3339 Vulgg.
261 3283 314 3331 Ira,
325 3276 374 3334 five
384 3274 509 3335 diffipanmr
520 3278 592 3336 procul
607 3276 622 3318 ὰ
638 3279 720 3330 terris,
736 3276 761 3322 id
771 3274 842 3320 evenit
858 3291 866 3328 3
884 3289 929 3322 nos

58 3349 144 3386 autern
155 3350 184 3384 ex
193 3352 218 3384 re
227 3337 275 3403 ipsa
285 3340 311 3386 &
323 3343 393 3387 Msto
405 3334 504 3384 Petrenfi
515 3336 623 3386 vitiosam
634 3337 847 3400 interpunuionem
859 3336 930 3384 srrstu-

58 3402 161 3456 limus,
185 3399 240 3451 licet
267 3416 376 3461 ornnes,
399 3414 459 3467 quas
479 3399 599 3459 vidimus,
621 3402 737 3453 editiones
762 3400 929 3451 maculaverat.

57 3464 175 3525 Davifiur.

819 3543 862 3585 aa.
879 3526 959 3587 villu
