2318 3914
217 125 299 218 2394
422 131 481 197 Du
502 129 589 193 Fru.
610 128 711 194 Bou.
731 144 782 191 er
804 122 920 189 Mne.

214 246 362 314 sescentes,
381 242 427 302 sed
447 244 476 301 &
497 244 578 302 musti
599 242 753 318 amplissimi
774 242 840 300 viri:
861 257 982 316 quorum
999 256 1088 302 nemo

148 313 170 375 Ὺ
215 319 357 381 ⁶8censuit
366 320 424 395 plus
438 319 532 378 Fadiae
546 320 669 378 dandum
688 320 773 395 quim
788 316 875 393 posset
889 318 924 377 ad
941 337 1003 376 eam
1024 319 1086 394 iege

214 397 347 456 Voconia
359 396 511 472 pervenire.
549 396 657 455 Tenuit
690 406 848 470 ermagnam
868 395 993 457 Sextilius
1007 396 1089 453 here·

214 474 339 534 ditatem.
377 472 468 541 unde,
486 471 506 530 fi
521 471 656 531 secutuse
678 488 706 532 et
719 490 818 530 eorum
831 471 994 530 sententiam
1010 513 1019 541 ,
1039 475 1089 548 qui

215 551 329 609 honesta
349 552 379 609 ὅ(
398 549 473 610 redsa
494 549 691 608 emolumentis
719 550 847 608 omnibus
873 549 903 605 &
925 548 1088 608 commodis

216 638 443 703 anteponerent,
463 643 499 684 ne
520 643 670 683 nummum
699 626 812 701 quidem
834 642 921 682 unum
949 621 1087 700 attigisset.

216 704 295 762 Num
312 705 318 714 '
348 716 390 761 tur
404 720 469 761 eum
485 701 578 776 postea
593 702 684 760 censes
698 703 782 760 anxio
803 702 898 760 animo
918 714 965 758 aut
986 701 1087 759 sollici-

200 812 203 816 -
215 791 248 838 to
262 722 360 838 ἱυὶίιῐῖἓ
372 779 448 837 -nihil
462 778 569 846 minus,
588 791 759 852 contraque,
779 777 822 834 illa
838 778 989 845 hereditate
998 777 1086 846 dives;

215 856 254 915 ob
274 874 393 932 eamque
413 872 471 913 rem
493 855 578 913 laetus.
617 855 710 930 magni
738 855 813 912 enim
834 854 983 912 aessimabat
1002 871 1087 927 pecu·

215 934 310 1001 niam,
330 951 388 991 non
404 930 492 989 modo
507 950 565 989 non
580 946 677 989 contra
696 931 769 1005 leges
788 973 796 998 ,
816 929 960 989 sedetiam
981 929 1085 1004 legibus

215 1022 331 1083 partam.
369 1026 432 1083 quae
452 1007 564 1082 quidem
585 1008 630 1065 vel
650 1025 717 1065 cum
735 1007 858 1081 periculo
878 1007 916 1067 est
934 1007 1084 1084 quaerenda

217 1085 305 1145 vobis.
346 1086 384 1145 est
404 1086 480 1143 enim
501 1081 625 1143 effedtrix
640 1084 788 1142 multarum
809 1084 839 1140 &
853 1100 1019 1160 magnarum
1033 1102 1086 1143 vo·

212 1161 358 1236 lupratum.

173 1236 208 1312 5⁶
255 1240 296 1295 Ut
310 1239 390 1314 igitur
403 1238 476 1309 iilis,
496 1239 569 1314 qui,
589 1238 661 1297 redsa
683 1239 712 1296 &
733 1237 846 1297 honesta
867 1256 932 1314 quae
945 1238 1031 1310 sunt,
1052 1258 1085 1300 ea

40 1328 43 1332 ’
98 1316 124 1363 P·
144 1316 175 1388 ὓς
214 1313 333 1373 statuunt
346 1333 394 1391 per
407 1315 434 1373 se
447 1314 624 1390 expetenda,
643 1313 769 1373 adeunda
790 1314 851 1372 sunt
871 1315 1000 1390 bquaevis
1013 1318 1087 1391 peri·

67 1376 198 1486 HQ}
216 1392 285 1467 cula
317 1392 423 1451 decoris
458 1390 661 1466 honestatisque
691 1389 797 1448 cauis:
832 1389 868 1448 fic
892 1392 1006 1462 vestris,
1035 1395 1085 1470 qui

65 1440 181 1501 “‘st‘nM
197 1469 309 1526 'omnia
324 1468 465 1542 uoluptate
480 1468 654 1536 metiuntur,
680 1467 709 1519 ⁶9
718 1466 837 1540 pericula
856 1467 984 1526 adcunda'
1003 1467 1084 1538 sunt,

115 1586 117 1591 -
213 1557 244 1602 ut
258 1543 437 1619 adipiscantur
451 1561 562 1619 magnas
576 1544 730 1618 uoluptates
738 1566 747 1610 ;
769 1543 790 1601 fi
804 1561 903 1617 magna
917 1562 1086 1621 res,magna

212 1620 347 1685 hereditas
360 1633 470 1695 agetur,
490 1619 554 1677 ciun
570 1619 685 1695 pecunid
699 1619 852 1694 voluptates
866 1621 1003 1693 pariantur
1022 1623 1083 1697 plu·

213 1699 303 1755 rimae.
341 1695 473 1772 idemque
502 1697 552 1754 erit
578 1697 699 1770 Epicuro
733 1696 821 1754 vestro
854 1696 1015 1755 faciendum
1032 1698 1082 1768 ,ss

153 1790 155 1795 ·
212 1772 291 1833 suum
319 1771 404 1830 finem
432 1775 570 1832 bonorum
598 1771 674 1847 sequi
700 1772 807 1840 volet,
850 1772 928 1847 quod
957 1773 1080 1849 Scipioni

210 1856 260 1908 ma
276 1866 312 1923 na
325 1848 410 1924 gloria
424 1848 577 1924 proposta,
598 1845 616 1905 si
631 1848 798 1907 Annibalem
811 1849 839 1906 in
855 1849 981 1908 Africam
996 1862 1082 1909 retra-

211 1867 296 1985 xisffit.
334 1927 426 2000 itaque
441 1938 575 2000 quantum
589 1923 655 1983 adiit
669 1922 842 1997 periculum?
862 1925 896 1982 ad
904 1925 1079 1987 honestatem

63 2008 185 2061 silicam.
212 2003 290 2067 enim
303 1999 394 2061 3ilium
409 2020 524 2060 omnem
541 2012 673 2059 conatum
687 2001 765 2058 suum
786 2002 920 2059 referebat
935 2043 944 2068 ,
964 2021 1025 2065 non
1044 2005 1079 2065 ad

211 2080 392 2154 voluptatem.
431 2078 467 2135 src
494 2077 581 2135 vester
609 2076 710 2151 sapiens
732 2093 835 2151 magno
854 2077 947 2154 aliquo
968 2080 1081 2145 emolu·

212 2172 311 2215 mento
326 2168 486 2214 commotus
503 2196 511 2222 ,
531 2153 652 2210 ⁷0animi
666 2151 743 2210 causa
762 2196 770 2221 ,
790 2152 811 2211 si
826 2172 894 2228 opus
909 2155 1016 2224 suerit,
1036 2157 1079 2216 di·

166 2251 199 2312 57
209 2233 329 2291 micabit.
368 2231 520 2289 Occultum
547 2229 650 2286 sueinus
672 2227 725 2287 esse
744 2230 909 2303 ¹‘potueritz
937 2231 1079 2307 gaudebit.

60 2307 178 2386 supererit
208 2309 243 2366 de
264 2306 412 2375 rehensus,
439 2323 555 2364 ornnem
576 2323 688 2378 poenam
710 2318 881 2363 contemnet.
919 2308 969 2365 etit
995 2310 1076 2368 enim

60 2375 111 2424 “⁸⁸'-
205 2328 346 2444 insfrudius
359 2384 394 2441 ad
408 2396 529 2441 mortem
543 2381 797 2451 contemnendam,
817 2382 851 2441 ad
872 2383 1020 2452 exsilium,
1041 2386 1076 2444 ad

986 2461 1077 2536 ipfirm

145 2688 147 2693 .
238 2655 275 2695 68.
293 2647 374 2707 Censuit
388 2648 436 2705 psus
447 2645 627 2705 filiaedandum.]
649 2644 883 2707 sumptusfadia:
899 2659 952 2708 quae
966 2643 1074 2696 leffiofi

205 2712 344 2765 retineatur,
361 2709 426 2773 supra
436 2707 564 2773 legendum
575 2710 618 2756 erit
630 2741 636 2764 ,
652 2709 720 2754 Fadio
731 2709 796 2754 Gallo
808 2740 815 2763 ,
831 2723 881 2756 non
898 2710 1000 2757 ratim.-
1018 2724 1073 2759 cum

204 2774 289 2823 Gallus
300 2786 436 2837 cognomen
448 2771 574 2820 Fadiorum
584 2768 622 2819 sit.
637 2775 661 2819 Ρ.
672 2773 758 2819 ,Manen

236 2844 273 2890 69.
287 2838 387 2882 Pericula
396 2837 493 2881 adeunda
501 2836 572 2894 sumn]
603 2837 655 2881 Hoc
671 2831 688 2880 st
706 2832 782 2889 absit,
803 2833 880 2882 nihilo
901 2833 943 2882 fiet
954 2833 1074 2887 obscuriot

204 2911 244 2946 aut
256 2898 415 2960 imperseffior
427 2897 550 2951 sententia.
580 2894 726 2944 subaudietur
735 2897 819 2953 enim,
836 2895 901 2959 quod
917 2897 942 2944 in
958 2898 1072 2959 pcoxiruo

203 2960 320 3023 superiore
335 2960 443 3010 membro
458 2959 546 3008 dissum
562 2957 613 3017 est,
628 2960 725 3005 adeunda
735 2961 787 3019 sunt
800 2965 881 3022 quavis
891 2963 973 3021 pericu!
988 2997 995 3009 .

204 3038 263 3070 vero
272 3025 381 3083 cuiquam
393 3023 489 3071 dubium
499 3020 545 3070 esse
563 3035 636 3085 puto,
653 3022 711 3083 quin
726 3036 755 3069 ea
770 3020 846 3085 sape,
863 3038 913 3086 quae
929 3020 1007 3084 glosse
1033 3037 1072 3075 m

205 3099 305 3140 vocant,
322 3087 383 3134 inter
393 3085 462 3134 verba
475 3087 596 3133 Ciceronis
609 3087 688 3132 locum
699 3087 872 3148 occupaverint.
904 3087 973 3134 Idem.

238 3163 276 3200 70.
294 3147 490 3209 ,Animr'cauffiffl
498 3161 546 3210 opus
552 3147 635 3206 fuerit,
646 3149 776 3206 dimicasse]
792 3149 932 3209 Scripturam
943 3147 1007 3197 hanc
1022 3144 1075 3198 falfi

204 3222 304 3274 arguunt
316 3212 362 3258 Pal.
370 3210 411 3260 sec.
423 3210 665 3273 inquibusomnibus,
681 3228 727 3256 cum
738 3213 807 3272 causa.
824 3227 874 3259 non
885 3209 995 3275 assequor
1005 3227 1076 3261 rnen·

203 3287 253 3323 tem
265 3273 372 3320 audonis.
390 3272 480 3323 Eadem
491 3275 637 3338 exemplaria
657 3288 714 3323 mox
726 3273 813 3321 habent
821 3279 928 3335 potuerit,
954 3290 1006 3322 non
1014 3288 1075 3337 pate·

203 3340 242 3384 rit.
261 3339 379 3386 Gruterus.
402 3341 474 3385 Certe
489 3337 566 3385 multo
582 3339 661 3385 minus
676 3334 814 3386 crediderim
825 3335 960 3385 adsecutum
970 3336 1074 3387 Samuel»

204 3399 330 3471 Peritum,
354 3401 395 3467 qui
410 3399 451 3451 lib.
468 3415 487 3451 1.
519 3399 615 3450 observ.
644 3412 698 3466 pag.
713 3408 765 3456 ut.
794 3399 903 3465 supponit
918 3404 993 3448 anama·
1005 3401 1076 3462 causa.

137 3502 139 3506 .
203 3465 350 3512 Gronovrus.

292 3558 294 3563 -
911 3576 914 3581 ,
970 3529 1076 3584 γυῖα·
