2318 3914
171 156 253 240 24⁶8
373 156 436 222 De
455 158 543 222 Frrt.
564 156 662 223 Bou.
680 122 729 225 nn
751 158 869 226 Man.

170 267 234 326 sunt
254 284 353 326 eorum
374 267 606 327 consolationes?
632 286 697 345 quae
717 268 928 327 cohortationes
949 262 963 321 ?
983 280 1047 340 quae

174 343 259 400 etiam
275 345 381 402 monita
397 347 426 403 ὃ(
441 343 568 412 consilia,
587 344 682 420 scripta
696 342 729 400 ad
740 342 864 403 summos
879 340 978 401 viros?
993 353 1049 401 erat

174 419 251 476 enim
265 421 336 495 apud
350 438 414 489 eos,
434 432 465 476 ut
478 420 516 478 eil
528 438 620 478 rerum
634 422 749 495 ipsarum
763 432 874 488 natura,
884 419 923 477 src
937 416 1050 477 dicendi

176 496 354 566 exercitatio,
374 496 484 571 duplex.
522 514 586 554 nam
602 495 738 572 quidquid
750 497 899 572 quaeritur,
920 494 951 554 id
968 493 1050 551 habet

177 582 225 628 aut
237 574 343 646 generis
357 572 436 647 ipsius
450 571 506 630 sine
527 571 647 647 personis
679 574 932 647 temporibusque,
953 582 1004 626 aut
1021 572 1051 627 iis

176 646 328 721 adjunctis,
347 648 428 718 fasti,
448 661 495 705 aut
506 650 594 723 jutis,
614 661 661 707 aut
681 649 801 707 nominis
820 644 1051 725 controversiam}
1115 700 1118 705 .

177 738 245 797 ergo
260 724 288 781 in
304 736 422 800 utroque
443 726 660 784 exercebantur:
687 742 775 800 eaque
791 723 933 799 disciplina
957 720 1051 781 effecit

179 808 285 857 tantam
300 799 410 859 illorum
425 812 542 875 utroque
557 803 586 859 in
598 818 700 875 genere
717 801 826 875 dicendi
840 801 968 875 copiam.
1089 859 1093 873 ,
1127 860 1133 878 ,

159 890 175 949 7
216 874 328 933 Totum
343 893 429 951 genus
444 877 500 936 hoc
514 877 637 935 &Zeno
651 919 660 945 ‚
694 878 724 935 &
736 877 770 935 ab
784 894 820 934 eo
834 875 987 952 quisunt,
1006 886 1052 933 aut

179 968 239 1009 non
253 966 404 1026 potuerunt
416 964 463 1012 aut
477 953 640 1023 noluerunt,
660 953 733 1011 certe
754 952 935 1027 reliquerunt.
954 970 1053 1029 quam·

183 1043 268 1101 quam
283 1027 382 1102 scripsit
396 1041 482 1087 artem
505 1030 669 1087 rhetoricam
691 1028 863 1099 Cleanthes,
884 1028 1053 1105 Chryfippus

184 1103 286 1172 etiarn,
305 1103 424 1173 sedite,
451 1117 503 1171 ut,
523 1104 543 1162 sr
563 1107 623 1181 quis
644 1104 832 1162 obmutescere
853 1104 1055 1181 concupierit,

184 1176 253 1237 nihil
266 1179 339 1238 aliud
352 1179 442 1255 legere
456 1180 561 1238 debeat.
599 1183 690 1256 itaque
705 1181 798 1248 vides,
817 1197 877 1256 quo
900 1182 995 1240 modo
1014 1180 1054 1239 lo·
1118 1230 1127 1245 .

184 1266 310 1329 quantur.
350 1274 425 1314 nova
446 1257 528 1315 verba
547 1256 676 1332 fingunt:
716 1256 842 1316 deserunt
871 1255 979 1317 ustam.
1016 1258 1054 1330 tlt,

183 1343 285 1405 quanta
308 1331 469 1391 conantur?
497 1333 633 1391 mundum
662 1335 737 1392 hunc
769 1349 888 1395 omnem
919 1334 1053 1411 oppidum

184 1402 239 1465 eise
253 1407 385 1468 nostrum.
424 1406 550 1467 Incendit
563 1410 644 1485 igitur
657 1427 722 1478 eos,
742 1408 790 1484 qui
803 1408 934 1469 audiunt.
970 1410 1053 1477 vides,

185 1495 317 1558 quantam
340 1503 398 1543 rern
413 1494 516 1559 sagas:
544 1498 598 1553 ut,
624 1484 725 1553 Circeis
767 1484 795 1542 ui
814 1484 947 1555 habitet,
965 1498 1051 1545 torum
1092 1480 1096 1489 '

190 1560 266 1617 hunc
279 1560 417 1621 mundum
440 1562 518 1626 suum
533 1504 784 1635 municipium'ede
796 1560 943 1621 existimet.
958 1550 1052 1639 *Qud

192 1635 237 1694 ille
250 1636 400 1695 incendat?
420 1637 566 1713 restinguet
584 1637 685 1706 citihs,
705 1637 725 1695 fi
744 1637 891 1697 ardentem
913 1638 1055 1714 acceperit.

193 1711 243 1770 lsta
257 1712 329 1786 ipsa,
348 1731 412 1789 quae
433 1726 463 1771 tu
483 1716 622 1783 breviter,
642 1731 759 1790 regem,
779 1712 967 1780 didatorem,
986 1714 1056 1772 diri·

194 1798 270 1855 tem,
290 1790 375 1848 solum
393 1789 445 1848 esse
459 1789 626 1865 sapientem,
645 1788 660 1847 d
676 1804 704 1848 re
725 1789 838 1864 quidem
862 1788 923 1866 aptd
951 1804 983 1847 ac
1008 1806 1053 1847 ro·

194 1863 296 1928 tunde:
321 1864 470 1942 ¹0qutppe;
491 1868 572 1925 habes
587 1866 693 1924 enimi
715 1865 878 1923 rhetoribus.
913 1864 1054 1923 uiltorum

135 1984 138 1989 ,
196 1938 265 1999 verb
279 1941 326 1999 isla
339 1942 393 2017 ipsa
408 1941 493 2019 quim
509 1942 587 2000 exilia
601 1942 636 1999 de
651 1943 754 1999 virtutis
769 1940 825 1997 vir?
850 1944 940 2017 'qutun
953 1952 1057 2001 tantam

196 2018 295 2075 volunt
309 2016 362 2075 elle
379 2060 387 2086 ,
408 2031 438 2077 ut
451 2020 560 2076 beatum
575 2019 661 2092 perse
676 2018 782 2075 efficere
796 2017 888 2091 poilit.
926 2032 1062 2093 pungunt,

193 2092 269 2179 quasi
283 2095 399 2162 aculeis,
419 2094 683 2175 interrogatiunculis
704 2093 828 2169 angullrs.
866 2095 970 2173 quibus
983 2096 1063 2155 etiam

1017 2176 1063 2248 qui

225 2304 262 2351 to.
278 2291 376 2353 Quippq
391 2291 450 2336 hales
460 2292 515 2337 euim
526 2303 540 2332 a
552 2289 686 2348 rhetoribus]
697 2287 744 2336 Alii
755 2284 1016 2363 distinguunt,qrrr'ppe.·
1030 2290 1066 2333 ba·

194 2350 240 2407 des,
257 2367 330 2416 quum
342 2349 668 2415 Vistoriusnihildillinguar.
703 2354 754 2413 Ego
776 2352 868 2405 miror,
885 2358 929 2399 cu'r
943 2350 986 2399 hac
1002 2351 1065 2399 aliter

196 2415 315 2463 voluerint
321 2413 388 2462 edere
404 2422 476 2477 quim
487 2413 548 2462 libro
560 2429 591 2461 tr.
608 2414 637 2462 de
650 2418 751 2462 Oratore
762 2426 812 2475 cap.
821 2429 857 2470 54.
875 2413 915 2462 ubi
929 2412 998 2463 vides
1008 2418 1067 2477 (ἰωῇ

197 2488 275 2525 terum
286 2476 340 2524 dare
351 2479 491 2540 quippe31eve
502 2480 557 2523 enim
568 2476 595 2535 cst
607 2491 675 2525 rorum
684 2480 726 2525 hoc.
744 2478 852 2524 Gronov.
871 2476 1009 2525 Lambinus
1019 2490 1069 2525 mm

199 2538 387 2602 interrogatione
398 2541 454 2604 legit
464 2542 579 2600 quippeni?

234 2617 270 2650 11.
287 2605 376 2649 Illorum
387 2620 437 2649 vero
450 2603 491 2662 ista
502 2602 546 2662 ipsa
565 2601 631 2665 qudm
652 2603 720 2650 exilia
734 2603 758 2647 de
769 2602 861 2649 virtutis
872 2604 919 2658 vi,
935 2602 1008 2665 quaint
1018 2604 1072 2660 &nl

199 2666 303 2714 Primum
315 2665 391 2713 iterari
403 2681 451 2715 non
464 2666 554 2730 placet,
569 2664 609 2713 iria
621 2667 679 2726 ipsa:
697 2663 781 2711 deinde
794 2662 866 2719 illud,
883 2666 909 2711 de
922 2670 1021 2714 virturis
1034 2668 1071 2721 vi,

199 2726 382 2792 disiungendnm
398 2727 427 2775 ab
443 2726 671 2775 antecedentibus&
688 2742 740 2774 cum
757 2726 905 2787 sequentibus
922 2731 1071 2793 conjungen·

198 2788 258 2840 dum
268 2788 390 2842 existimo.
407 2791 569 2854 delegatur&
581 2788 732 2854 distinguatur
744 2787 790 2836 hoc
800 2787 876 2837 modo
889 2805 896 2835 :
913 2792 1009 2837 Illorum
1025 2808 1072 2838 veru

197 2857 247 2917 jam
260 2856 328 2900 exilia
343 2854 369 2899 de
382 2856 473 2900 vr'r'rutr'r
485 2855 513 2899 vi
519 2858 527 2907 ¹,
550 2868 616 2914 quam
625 2866 708 2898 tantam
716 2854 791 2898 volunt
801 2852 836 2911 effe
850 2885 856 2907 ‚
872 2866 898 2897 ut
907 2853 996 2899 beatum
1010 2854 1073 2916 perse

203 2916 280 2979 efficere
292 2914 495 2979 poffir,pungunr,
515 2915 574 2977 quast
590 2917 685 2970 aculeis,
711 2916 931 2974 r'ntarrrgetr'onibm
960 2916 1023 2977 restis.
1051 2912 1074 2966 id

203 2978 310 3049 elifium
320 2977 349 3025 de
359 2980 449 3037 virturis
462 2980 485 3026 ri
496 2978 635 3042 loquuntur,
653 2980 701 3025 vim
712 2989 794 3024 tamen
804 2978 897 3030 nullam
906 2976 941 3027 ha
994 2992 1074 3029 eorum

205 3044 292 3091 oratio.
326 3045 391 3095 Ham
408 3041 481 3097 illu'd,
495 3055 560 3101 quam
576 3043 661 3098 exilia,
676 3038 752 3089 resero
762 3038 792 3086 ad
810 3053 838 3091 ea
852 3040 944 3097 verbn,
962 3040 1005 3089 idn
1015 3042 1075 3104 ipsa.

200 3104 273 3166 filum
285 3103 397 3165 sapientem
414 3105 450 3163 effe
466 3118 549 3167 regem,
564 3103 705 3158 dissecarent,
721 3105 822 3151 divitem.
849 3116 902 3169 qua
912 3118 972 3154 cum
985 3102 1017 3153 ab
1031 3104 1076 3153 tllh

205 3178 370 3220 memorantur
385 3168 457 3227 quim
484 3166 556 3214 exilia
573 3162 631 3212 sunt.
665 3170 718 3220 tioe
735 3178 816 3215 tamen
834 3164 958 3227 eiusmodi
978 3166 1033 3223 est,
1052 3180 1076 3215 ut

208 3232 354 3290 magnopere
364 3231 415 3276 non
426 3228 574 3277 confirmem.
592 3228 667 3291 potest
678 3228 741 3278 enirn
754 3224 817 3285 fieri.
832 3228 963 3279 nonsolum
974 3242 1001 3279 ut
1012 3230 1079 3281 itera·

210 3293 269 3341 verit
286 3292 385 3347 Cicero,
402 3290 519 3354 rsta'ipfia,
534 3291 599 3355 quod
614 3290 732 3340 interdum
742 3288 822 3348 solet,
837 3290 892 3341 cum
903 3291 998 3355 aliquid
1009 3292 1078 3341 intet-
1116 3312 1119 3319 ·

214 3346 304 3462 ‘ionia
320 3354 496 3411 verumetiam,
511 3366 536 3401 ut
552 3352 680 3411 addiderit,
696 3357 721 3401 de
736 3357 829 3401 virturis
837 3358 883 3411 vi,
897 3356 984 3419 repetit
998 3368 1078 3405 eom
1117 3352 1120 3371 ²

209 3413 341 3533 teddomm
352 3412 482 3476 sententia,
495 3418 722 3481 regeneremur»,
732 3416 825 3485 draiton
829 3417 903 3487 [alm
911 3418 1079 3485 effisqr'mwss

229 3486 442 3534 ,arrun·'
530 3484 597 3515 -“··
835 3486 863 3513 -·
927 3502 967 3515 ··

210 3540 233 3573 '¹
337 3552 343 3575 ⁵
1004 3544 1107 3618 *hitt-
