2318 3914
206 117 291 207 2428
410 110 921 180 DnFrmBomurMnn.
1009 62 1073 145 ·⁸

211 229 260 290 liei
281 223 370 284 verbis
389 208 505 283 utuntur
519 224 574 294 iis,
610 235 696 303 squae
718 224 768 302 ipsi
789 223 910 286 Graeciae
931 234 1006 286 nota
1028 226 1094 290 tunt.
1140 214 1150 265 ἵ

140 338 143 349 -
208 316 367 383 geometrae
403 300 646 372 vero,mus1ci,
672 304 870 379 grammatici,
904 305 994 363 mam
1016 318 1094 367 more
1143 299 1158 341 s

232 381 336 441 uodam
351 379 503 456 loquuntur
518 376 576 438 suo.
595 380 663 439 item
680 380 744 457 ipsae
757 381 903 441 rhetorum
918 392 1012 451 artes,
1033 396 1094 461 qun
1154 385 1159 402 ⁴

210 400 274 518 sunt
288 471 358 517 totae
381 456 501 516 forenses
528 470 611 534 atque
627 457 789 533 populares,
807 457 922 518 tverbis
936 461 1094 521 tantumin

212 534 345 596 docendo
361 533 434 611 quas
450 534 561 610 privatis
583 545 697 593 utuntur
717 550 749 595 ac
770 535 829 595 suis.

252 612 289 672 ll.
309 613 468 682 Arous,
488 624 519 669 ut
533 613 663 671 omittam
684 613 732 671 has
754 624 824 672 artes
848 613 992 673 cleantes
1015 614 1096 676 &in

198 706 332 766 ¹genuus,
352 706 388 748 ue
403 687 516 764 opifices
536 689 651 764 quidem
673 691 744 748 tueri
765 690 810 748 sua
830 628 945 749 artifigcia
968 690 1092 766 possent,

213 766 264 826 nifi
285 765 424 825 vocabulis
445 777 587 824 uterentur
607 765 687 825 nohis
708 766 880 841 incognitis,
907 766 1017 827 usitatis
1043 768 1094 828 fibi

214 843 294 917 Quin
317 844 402 900 etiam
423 840 607 917 agricultura,
627 859 692 919 quae
714 843 842 902 abhorret
865 843 900 902 ab
924 846 1013 903 omni
1028 846 1093 921 poli-

212 919 285 977 tiore
300 917 434 994 elegantia
450 960 459 987 ,
479 929 573 978 tamen
589 936 633 978 eas
648 936 705 988 res,
726 920 754 978 in
770 921 867 996 quibus
881 920 1026 991 versatur,
1045 938 1093 981 no·

212 994 332 1053 minibus
344 996 452 1054 notavit
472 997 561 1055 novis.
600 1013 658 1072 quo
681 998 767 1073 magis
786 997 843 1055 hoc
861 997 1036 1074 philosopho
1054 998 1091 1058 sa·

213 1071 345 1131 ciendum
368 1071 413 1130 ell.
454 1088 494 1129 ars
515 1072 552 1130 est
574 1075 649 1131 enim
670 1072 841 1148 philosophia
863 1075 958 1133 vitaea
980 1075 1018 1134 de
1040 1092 1089 1151 qua

129 1216 133 1223 ,
186 1146 341 1233 5disserens
355 1148 471 1224 arripere
484 1149 566 1207 verba
581 1149 616 1208 de
630 1151 694 1207 soro
709 1166 766 1209 non
781 1149 877 1224 potest.
904 1152 1089 1228 Quamquam

214 1242 250 1283 ex
270 1224 400 1283 omnibus
426 1224 593 1300 philosophis
630 1226 735 1284 tstoiei
757 1227 873 1300 plurirna
901 1241 1089 1288 novaverant.

215 1299 298 1361 Zeno
313 1319 438 1378 quoque,
447 1319 544 1359 eorum
560 1304 696 1378 princeps,
707 1315 765 1361 non
779 1315 837 1361 tarn
850 1318 947 1363 rerum
962 1306 1092 1364 inventor

215 1368 270 1435 luit
295 1377 381 1454 quiin
404 1396 546 1436 novorum
563 1380 719 1437 verborum.
757 1377 868 1454 ⁶Quod
890 1380 910 1437 fi
931 1382 963 1440 in
984 1399 1018 1440 ea
1040 1382 1090 1441 lin·

215 1470 287 1527 gua,
308 1471 392 1529 quam
414 1456 536 1530 plerique
559 1456 715 1513 uberiorem
740 1468 860 1530 putant,
888 1457 1089 1516 concesiumi

64 1542 193 1592 diuum.
217 1530 326 1589 Graecia
341 1530 445 1605 est„ut
459 1531 605 1590 dottiffini
626 1533 754 1590 homines
776 1533 811 1590 de
832 1532 911 1592 rebus
932 1552 995 1593 non
1009 1532 1090 1609 dpet·

65 1605 321 1682 autpertus-vagaris
361 1608 490 1666 inusitatis
518 1610 605 1666 verbis
626 1621 789 1666 uterentur:
810 1608 940 1686 tquanto
960 1610 990 1670 id
1010 1610 1089 1670 nobis

68 1682 137 1734 ἕως*
215 1683 301 1758 magis
315 1683 353 1742 est
366 1685 596 1752 concedendum,
616 1687 664 1760 qui
679 1703 709 1742 ea
726 1703 800 1743 nune
814 1685 936 1760 primurn
953 1686 1088 1747 audemus

87 1786 112 1832 p,
124 1784 188 1832 xci.
214 1759 369 1835 attingere?
389 1761 463 1830 Etsi,
482 1760 558 1837 quod
579 1761 651 1836 saepe
671 1762 812 1831 diximus,
833 1765 862 1822 ὅ(
884 1762 998 1840 quidem
1020 1781 1086 1822 cunr

153 1866 156 1871 ·
215 1836 303 1913 aliqua
318 1838 427 1911 querela
437 1855 511 1907 ,non
528 1839 692 1895 Graecorum
709 1836 797 1896 modo
807 1839 866 1907 ,sed
881 1841 1087 1907 etiameorum,

214 1916 263 1990 qui
278 1913 303 1971 se
318 1916 434 1972 Graecos
456 1917 542 1990 magis
568 1914 652 1991 quim
670 1915 775 1973 nostros
789 1916 883 1976 haberi
898 1916 1011 1984 volunt,
1030 1932 1085 1973 nos

214 2008 274 2048 non
296 1991 385 2050 modi>
406 2010 464 2049 non
487 1994 559 2050 vinci
583 1992 599 2048 h
622 1992 727 2048 Graecis
749 1993 898 2051 verborum
921 1990 1019 2068 cupii,
1038 1990 1085 2050 sed

213 2063 268 2126 elle
289 2068 318 2125 in
339 2085 372 2126 ea
394 2069 477 2126 etiam
500 2068 669 2144 superiores:
690 2067 886 2126 elaborandum
910 2070 967 2136 eli,
986 2080 1019 2125 ut
1031 2069 1087 2127 hoc

114 2144 118 2151 '
213 2147 315 2204 nonin
330 2144 423 2203 nollris
437 2144 523 2203 solhrn
539 2146 636 2202 artibus
652 2187 660 2212 ,
686 2143 829 2202 sedetiam
845 2147 873 2203 in
887 2145 1000 2203 illorum
1016 2144 1086 2221 ipso·

66 2252 179 2304 equam·
217 2238 280 2281 runr
301 2219 635 2298 consequamur.equtm
654 2238 686 2278 ea
700 2221 799 2291 verba,
819 2223 916 2298 quibus
931 2240 967 2280 ex
982 2222 1085 2281 inllitu-

67 2319 141 2369 quam
153 2306 205 2357 alii.
496 2336 508 2369 μ
517 2350 582 2423 w
593 2342 676 2433 Vm„
1028 2346 1032 2352 .
1057 2310 1087 2357 to
1118 2346 1136 2365 ,.

250 2467 270 2505 3.
288 2453 344 2513 Qua
354 2450 487 2513 ipfi,6raeciae
498 2460 547 2495 nuta
556 2467 596 2495 nun
603 2451 674 2510 suna]
705 2455 733 2497 ln
749 2449 907 2512 manuscripto
916 2450 964 2509 est,
979 2454 1037 2512 Qua
1051 2451 1088 2515 ἱρῇ

212 2517 304 2577 'scicntia
319 2528 368 2560 notu
379 2516 439 2573 snut.
456 2511 531 2562 ursin.
565 2516 619 2573 Qu
635 2516 672 2573 ipfi
688 2517 772 2559 Gracia
789 2527 837 2560 notu
848 2517 920 2574 sunt]
937 2516 1016 2564 Nolui
1026 2515 1087 2565 stau·

217 2578 273 2625 dare
284 2577 392 2639 deinceps
401 2577 515 2625 lesionem
526 2574 635 2637 scripturi
647 2577 702 2625 Pali,
719 2587 837 2638 quattuor.
859 2575 958 2639 peiiime
975 2579 1086 2628 hastenus

217 2639 339 2703 plublieari,
357 2658 397 2685 uou
405 2653 454 2685 uua
465 2643 523 2700 suut.
535 2639 619 2700 quibus
629 2639 805 2702 enini,quaeso,
815 2652 911 2687 ittuntur
920 2644 1035 2690 Romani
1046 2657 1086 2690 vo·

219 2703 307 2751 eahulis
319 2704 342 2750 in
355 2702 487 2756 dialettica,
503 2705 527 2750 in
539 2702 646 2765 phyfieai
676 2707 762 2751 Gruter.

250 2786 273 2825 4.
292 2768 360 2812 t'ersu‘s
375 2779 459 2812 tautum
474 2772 496 2813 iu
507 2769 593 2812 duceuudu
606 2774 614 2823 ]
646 2773 681 2812 lta
692 2766 738 2813 Pal.
750 2781 783 2828 pr.
796 2766 880 2813 melius
891 2765 967 2829 longe
978 2763 1054 2828 quim
1064 2766 1085 2812 in

218 2830 281 2880 hunc
292 2830 370 2940 diega,
384 2842 455 2876 aarum
465 2833 487 2876 iu
497 2832 589 2878 diceudo.
608 2830 716 2892 quamvis
728 2831 752 2877 he
764 2827 838 2876 nidus
850 2830 1041 2893 neposvulgavit
1051 2831 1087 2875 du-

217 2896 286 2943 cendo.
319 2898 394 2942 lem.

251 2974 272 3014 5.
289 2959 358 3004 Stoici
364 2959 461 3018 plurima
469 2961 622 3012 novaturum]
638 2945 752 3004 Eith'l'al.
765 2957 830 3027 pn&
845 2967 898 3003 tert.
912 2957 938 3003 &
950 2956 983 3002 ita
996 2953 1047 3004 fere
1058 2964 1085 3003 el

217 3020 311 3069 vetustis
326 3017 472 3075 Lambinus,
488 3033 573 3080 nempe
594 3033 708 3064 nouarum.
730 3020 775 3066 culi
790 3019 885 3081 vulgi),
911 3023 1085 3067 nominaverunt.

216 3084 292 3133 Idem.
324 3087 373 3130 Cur
388 3082 457 3153 igitur
472 3084 496 3129 δι
514 3081 560 3128 hoc
577 3084 601 3129 δι
618 3079 715 3143 sequens
734 3085 867 3145 pervulgatis
883 3082 1000 3130 retinuit?
1019 3085 1086 3131 Nunc

217 3146 318 3196 meliora
328 3145 419 3194 admisi.
451 3149 545 3192 Gronov.

247 3217 270 3258 6.
288 3210 353 3266 §Quod
365 3209 385 3263 fi
395 3212 419 3253 sn
433 3212 549 3269 eau'uguu,
565 3223 629 3271 quam
639 3209 735 3270 plerique
749 3211 862 3254 ulcriurum
871 3218 964 3268 putant,
976 3206 1086 3267 cuncefftttrt

213 3272 255 3333 ost,
272 3284 296 3317 ut
306 3271 416 3329 dotiisllmi
427 3273 518 3316 homiues
531 3273 587 3327 &al
603 3275 638 3318 lta
649 3272 734 3333 legitur
746 3272 784 3317 hie
799 3272 864 3319 loeus
881 3272 906 3318 in
917 3284 997 3319 verere
1008 3269 1086 3326 libro,

214 3350 268 3384 cum
279 3335 304 3381 in
316 3333 368 3380 aliis
377 3330 404 3378 fit
419 3335 528 3391 concessum
538 3336 552 3378 ci
564 3335 643 3380 Grecis
660 3334 695 3392 eil.
727 3334 803 3381 Urlin.

246 3414 268 3455 7,
285 3395 372 3455 Quanti
384 3395 408 3440 id
418 3396 475 3442 nolis
487 3402 572 3453 magia]
605 3398 691 3459 Vulgg.
709 3396 785 3461 quantu
803 3398 826 3444 id
838 3395 874 3441 vel
890 3394 956 3443 nubis,
974 3395 1016 3444 sed
1030 3392 1087 3442 illud

213 3463 251 3511 vel
261 3459 324 3511 ahell
336 3458 383 3512 sal.
395 3472 430 3522 pr.
441 3460 584 3510 Gulielmius
595 3461 741 3522 conjecerat,
756 3458 833 3525 quanti
845 3459 901 3510 idem
907 3459 974 3509 uasis.
993 3464 1081 3559 Gcr‘uter

1016 3536 1087 3589 ἀφ’
