2318 3914
263 129 451 194 Li'nen
492 129 800 210 Qunnros.
881 135 963 217 2469

86 242 143 316 qui
156 239 346 312 assentiuntur,
365 242 434 301 nihil
454 252 661 299 commutantur
680 241 801 311 animo,
819 243 849 302 &
868 243 956 303 iidem

86 318 214 387 abeunt,
233 320 280 394 qui
300 330 456 378 venerant:
476 333 518 374 res
538 316 615 375 enim
634 315 742 375 fortasse
763 334 860 387 vete,
879 319 955 381 certe

85 409 203 526 graves¹5
219 397 329 454 nonita
350 393 521 461 tradantur,
548 403 579 449 ut
601 391 726 462 debent,
745 392 790 451 sed
810 394 948 471 eliquanto
970 395 995 445 Ρ.
1011 397 1098 448 cvm.

87 484 225 529 minutis.

124 546 173 604 IV.
199 557 225 589 ¹²
241 546 448 617 Seoorruu
478 540 620 603 differendi
662 543 731 603 ratio
772 544 975 623 cognitioqueii

82 632 198 681 mturae.
236 641 303 681 nam
317 621 474 681 desummo
495 621 572 680 bono
594 638 687 689 mox,
707 632 738 678 ut
752 619 826 690 dixi,
845 622 950 683 videbi·
1003 678 1015 687 ,,

81 713 163 767 mus,
183 700 213 756 &
228 699 265 755 ad
276 698 305 756 id
319 696 506 772 explicandum
522 696 732 772 disputationem
746 714 863 754 omnem
880 714 949 757 cou-

80 773 214 832 feremus.
252 773 286 830 In
302 775 334 831 iis
348 775 429 849 igitur
443 774 559 849 partibus
572 772 674 832 duabus
687 772 755 831 nihil
771 784 828 831 erut
844 814 852 839 ‚
871 772 948 849 quod

77 847 164 908 Zeno
177 854 351 908 'commutare
365 848 493 924 gestiret·
511 867 552 908 res
566 851 640 909 enim
656 847 785 924 praeclare
799 849 824 919 se
838 849 950 921 habent,

81 925 113 982 &
128 926 243 1000 quidem
257 928 285 984 in
300 938 413 1001 utraque
426 937 510 1001 parte.
547 926 613 1002 quid
627 926 702 985 enim
723 924 756 983 ab
778 925 895 1000 antiquis
914 944 949 984 ex

81 1018 120 1058 eo
134 1019 252 1074 genere,
270 1001 345 1078 quod
366 1002 400 1061 ad
420 998 601 1061 differendum
623 1003 718 1070 valet,
738 999 948 1075 praetermiffum

82 1075 142 1134 est?
162 1076 210 1154 qut'
223 1079 251 1137 &
265 1077 427 1137 definierunt
440 1078 577 1153 plurima:
606 1078 635 1136 &
656 1077 888 1137 definiendi-artes
902 1097 947 1137 re·
1015 1132 1019 1139 .

79 1151 236 1228 liquerunt:
254 1154 385 1231 quodque
399 1153 437 1213 est
450 1153 604 1213 definitioni
617 1153 794 1229 adjunctum,
814 1167 845 1211 ut
859 1156 943 1213 resin

79 1242 170 1302 partes
183 1230 338 1299 dividatur,
365 1229 392 1288 id
408 1232 437 1289 &
451 1229 482 1288 fit
496 1230 591 1289 abillis
606 1273 615 1299 ,
635 1231 681 1300 &,
700 1230 940 1307 quemadmodum

80 1303 140 1364 fieri
154 1318 294 1381 oporteat,
312 1306 433 1373 traditur.
459 1307 527 1365 item
542 1306 576 1365 de
591 1308 744 1365 contrariis:
765 1306 781 1364 i
797 1306 892 1383 quibus
905 1306 942 1365 ad

53 1395 179 1455 ‘genera
210 1383 368 1459 formatque
400 1399 540 1458 generum
561 1381 739 1441 devenerunt.
777 1383 839 1455 Jum
861 1400 954 1465 argu-⁶

78 1460 183 1527 menti,
203 1461 308 1518 ratione
326 1457 446 1519 conclufi
462 1501 471 1529 ,
490 1470 571 1534 caput
591 1455 644 1529 effe
662 1459 765 1518 fuciunt
784 1457 856 1530 iea,
876 1469 955 1535 quae²
977 1468 1052 1522 “que

75 1534 214 1669 perisicua
235 1535 352 1595 dicunt:
380 1535 480 1594 deinde
500 1534 627 1593 ordinem
646 1533 820 1611 sequuntur:
854 1548 915 1594 tum
932 1519 1072 1629 ‚gaspard

40 1665 44 1670 .
76 1611 124 1684 qui
159 1628 254 1670 verum
268 1611 300 1670 sit
313 1613 343 1669 in
357 1610 481 1687 lingulis,
501 1625 623 1677 extrema
636 1612 776 1670 conclusio
793 1612 839 1671 est.
993 1619 1000 1633 ⁸
1108 1632 1113 1641 “

87 1690 95 1699 “
115 1688 226 1761 Quanta
238 1699 332 1745 autem
348 1688 381 1746 ab
394 1687 444 1747 illis
457 1689 570 1746 varietas
583 1700 808 1763 argumentorum
826 1732 834 1755 .
854 1688 962 1803 ratio?

73 1779 113 1820 ue
126 1765 352 1823 concludentium
371 1805 380 1832 ,
400 1780 554 1839 eorumque
573 1764 660 1822 ¹‘curu
682 1765 805 1838 captioso
820 1765 936 1825 interro·
972 1756 988 1834 ἒ
998 1771 1060 1824 ⁶²1²*-

71 1838 227 1973 {orionibus
241 1838 449 1899 diffimilitudo?
469 1839 535 1916 quid
544 1838 637 1915 ,quod
650 1840 767 1915 pluribus
780 1840 847 1900 locis
859 1822 992 1917 quasr⁴²”·

92 1916 237 1973 enuntiant
251 1959 259 1982 .
285 1928 316 1975 ut
330 1933 422 1992 neque
434 1916 560 1974 sensuum
574 1914 655 1974 fidem
672 1915 728 1973 fine
740 1917 864 1986 ratione,
883 1935 937 1976 nec
1014 1939 1017 1943 ·

69 1988 198 2049 lrationis
219 1990 275 2050 fine
295 1990 410 2059 senfibus
430 1994 626 2069 exquiramus,
648 2003 765 2068 urtque
786 2003 816 2051 ut
836 1993 947 2051 eoruml
962 1996 1064 2070 cuium

71 2066 188 2125 alterum
204 2066 238 2124 ab
250 2069 336 2126 altero
348 2068 499 2142 separemus
515 2067 526 2125 ἓ
547 2066 644 2143 Quid?
664 2086 718 2137 ea,
738 2086 801 2144 quae
815 2060 990 2131 maledi-‘¹3¹'-
1006 2066 1080 2149 ¹²5⁰·

70 2143 98 2199 ci
112 2159 188 2200 nunc
203 2144 312 2204 tradunt
328 2145 358 2203 δι
372 2144 491 2214 docent,
507 2162 602 2203 nonne
615 2145 648 2202 ub
666 2144 716 2203 iliis
736 2122 1067 2230 instituta'suntffis‘nst·

70 2219 132 2276 ²¹&
145 2219 284 2280 inventa?
305 2221 340 2278 de
358 2221 454 2297 quibus
475 2220 522 2279 etsi
541 2221 557 2279 d
579 2220 731 2296 Chryfippo
753 2220 874 2281 maxime
895 2223 963 2293 estm
979 2216 1078 2311 ξω

70 2294 262 2366 elaboratum,
281 2309 375 2356 tamen
389 2295 406 2359 i
419 2298 537 2356 Zenone
557 2295 647 2354 minito
676 2298 765 2355 multo
791 2297 875 2373 quim
896 2300 1041 2365 absumor.

68 2372 196 2446 antiquis.
234 2373 269 2431 ab
280 2373 336 2432 hoc
349 2387 442 2431 autem
458 2373 585 2450 quaedam
611 2384 704 2433 ¹4non
724 2372 819 2438 melius
845 2374 931 2453 quum

70 2459 195 2507 ueteres:
215 2448 344 2529 quaedam
356 2451 475 2518 omuino
489 2448 590 2514 relidit.
846 2528 870 2586 C

470 2546 473 2550 ’
811 2538 836 2582 ¹5
871 2528 932 2592 um-

104 2715 139 2748 12.
154 2703 259 2766 nequitur
269 2703 380 2767 differendi
389 2706 465 2762 καὶ]
478 2703 579 2767 Scaliger
589 2700 674 2753 delevit
688 2719 770 2755 vocem
779 2705 887 2768 sequitur,
904 2719 931 2753 ac

66 2761 157 2824 sequen
169 2766 189 2812 ia
198 2762 230 2813 suc
240 2768 343 2815 anoedit
353 2765 544 2829 precedentibus,
558 2767 642 2813 debent:
656 2767 696 2828 sed
705 2770 815 2832 aliquanto
826 2771 930 2816 minutius

66 2828 156 2886 differri
167 2829 182 2873 ti
193 2831 248 2874 ratio
258 2830 302 2880 dyc.
318 2833 410 2878 Gruter.

102 2904 137 2944 13.
155 2898 236 2953 -Arque
245 2905 269 2938 ut
283 2908 353 2938 eurum
366 2893 457 2938 aiterum
474 2892 500 2941 ab
515 2892 580 2937 altero
592 2890 740 2953 separemus?]
754 2895 790 2939 Ita
806 2890 876 2940 nostri
892 2891 931 2951 sert¹
1032 2895 1033 2898 ’

65 2950 158 3015 scripti,
177 2967 259 3017 preter
271 2966 323 3004 tert.
336 2954 373 3002 cui
384 2953 441 3003 defit
452 2951 563 3017 particulo
577 2966 608 2999 ur.
625 2953 754 3008 Lambinus
764 2952 828 3001 ausus
839 2954 871 3005 est
884 2955 931 3007 im-

66 3014 164 3068 mittero
172 3017 326 3127 nelgationem
336 3013 365 3063 tic
371 3033 380 3073 t
395 3019 460 3064 altero
471 3033 495 3062 ne
499 3016 635 3078 separemus?
651 3021 733 3064 Brutus
744 3017 841 3074 mullet,
852 3026 930 3083 utrquq

65 3094 180 3128 meorum.
208 3075 639 3138 edneutentamentationemreddidit
651 3078 930 3143 vulgarislestioniscuc·

67 3152 148 3202 rupte.
180 3145 248 3192 Idem.

66 3202 926 3333 4,ἶεῖᾱὲἲὲἔέᾙῖἕῖηέἒῖῗῶἓὲἒιῑῖιῗὲιὲῗέἓᾶῃὲ.“”’ἒεῖ’ἔὲἶῖἒῐ

64 3325 115 3389 legi
125 3330 209 3388 velim,
224 3334 249 3379 ab
257 3336 293 3379 hoc
302 3347 373 3380 autem
381 3332 477 3396 quadam
486 3347 526 3376 non
536 3332 625 3376 melius:
642 3333 736 3393 qudam
747 3335 829 3379 omnino
840 3335 924 3383 retina.

65 3403 123 3437 nam
135 3391 197 3441 iniis
207 3393 283 3444 verbis
293 3428 301 3451 ,
321 3396 347 3441 ab
356 3399 393 3443 hec
402 3407 474 3441 autem
487 3393 583 3456 quedam
591 3411 632 3441 nm
639 3396 715 3441 metius
726 3428 734 3454 ‚
750 3394 925 3459 subintelligen-

64 3451 124 3512 dum
134 3454 456 3526 clementinorum
467 3491 474 3515 ,
494 3454 714 3526 quamdamque,
741 3456 887 3519 Lumio'muu.

433 3525 481 3583 Τις
496 3535 536 3577 rtr
550 3535 560 3574 t
576 3543 594 3593 q
824 3537 868 3581 ut·
883 3526 959 3583 cuns,
