2318 3914
206 127 308 233 2372¹
395 148 457 214 De
478 150 564 214 Frn.
586 150 686 215 Bon.
707 167 756 214 rr
778 145 891 211 Mae.

103 274 106 280 '
161 263 198 322 68
244 259 387 333 Quocirca
399 261 501 320 eodem
517 260 605 318 modo
619 259 721 335 sapiens
736 262 786 319 erit
799 259 911 318 affectus
927 273 989 333 erga
1004 261 1071 319 ami}

207 351 291 406 cum,
310 353 367 412 quo
388 337 418 396 in
438 336 574 412 seipsum:
601 355 727 412 quosque
747 337 851 395 labores
871 347 982 410 propter
996 335 1069 396 suant

208 411 379 488 voluptatem
400 413 557 488 susciperet,
578 413 692 472 eosdem
712 413 833 487 suscipiet
858 426 970 486 propter
989 413 1070 472 amici

208 487 396 563 voluptatem:
416 506 536 566 quaeque
553 489 587 547 de
602 489 743 547 virtutibus
757 488 916 557 dictasunt,
936 489 1070 562 quemad·

183 634 185 639 Α
209 564 328 623 modum
348 567 393 624 hae
413 566 521 638 semper
541 558 724 638 ‘voluptatibus
743 566 895 632 inhaerent,
916 564 1015 622 eadem
1035 564 1071 623 de'

208 640 326 700 amicitia
340 640 455 700 dicenda
468 642 536 699 sunt.
574 640 703 715 praeclare
715 641 790 698 enirn
804 641 935 715 Epicurus
943 642 984 698 his
991 639 1070 714 paend

59 723 192 791 punientia
209 716 312 774 verbis:
334 719 452 784 Eadem,
469 717 581 792 inquit,
600 717 726 790 sscientia
742 715 909 790 confirmavit
929 718 1067 787 animum,

61 789 127 840 ³1⁵5·
176 854 180 861 ,
211 811 242 848 ne
258 793 325 868 quod
337 810 386 849 aut
393 793 578 869 sempiternum
587 835 595 859 ‚
604 808 652 849 aut
668 793 826 849 diuturnum
839 792 942 850 timeret
954 791 1066 859 malurm

212 888 265 944 quo
295 871 415 943 respexit,
435 870 463 926 in
477 867 522 926 hoc
535 869 583 944 ipso
608 868 667 926 vr'te
682 868 767 946 spatio
792 869 910 926 amicitie
925 866 1068 946 prostdu'unu

210 881 443 1022 essesimr'ffimum.
560 986 562 991 ,
663 964 665 969 ·

165 1019 201 1094 ⁶9
248 1020 315 1078 Sunt
328 1033 420 1079 autem
435 1021 546 1096 quidam
560 1021 689 1096 Epicurei
701 1020 852 1080 timidiores
866 1019 958 1095 paullo
972 1033 1068 1080 contra

208 1095 293 1155 vestra
307 1098 450 1164 convicia,
470 1097 514 1155 sed
528 1113 621 1155 tamen
634 1097 692 1156 satis
705 1097 777 1155 acuti
787 1139 795 1164 ,
805 1099 851 1172 qui
866 1111 1065 1167 verentur‚ne‚
1090 1102 1093 1114 '

206 1173 227 1232 st
249 1173 396 1243 amicitiam
418 1186 528 1248 propter
549 1174 667 1232 nostram
689 1174 860 1247 voluptatem
881 1174 1065 1249 expetendam

57 1302 61 1309 ‚
204 1260 349 1324 putemus,
368 1261 428 1308 tota
441 1250 560 1307 amicitia
573 1250 645 1326 quasi
659 1249 809 1308 claudicare
824 1249 955 1314 videatur.
973 1251 1066 1326 itaque

108 1334 117 1360 ²
205 1322 475 1400 primoscongreslus
495 1323 775 1400 &copulationesque
793 1328 823 1384 &
835 1324 1065 1384 consuetudinum

203 1401 429 1460 instituendamnr
444 1402 597 1460 voluntates
609 1400 665 1458 fieri
680 1416 790 1476 propter
803 1401 973 1474 voluptatem
983 1421 990 1458 z
1001 1401 1064 1460 cum

204 1490 298 1534 autem
321 1477 379 1535 usus
399 1477 573 1551 progrediens
596 1478 811 1536 ,familiaritatem
833 1476 977 1546 effecerit,
1004 1489 1064 1537 tum

202 1570 328 1611 amorem
344 1552 649 1627 effloresceretantlrm,
670 1566 700 1611 ut
716 1595 725 1622 ,
744 1555 827 1610 etiarn
849 1552 868 1610 fi
882 1553 954 1610 nulla
968 1552 1000 1611 fit
1013 1555 1066 1612 uti·

205 1629 264 1687 litas
278 1647 312 1686 ert
332 1629 473 1697 amicitia,
492 1643 587 1687 tamen
607 1629 655 1703 ipsr
676 1630 757 1686 amici
778 1641 888 1703 propter
906 1627 932 1685 se
953 1629 1023 1703 ipsos
1038 1648 1079 1702 as

204 1717 325 1762 meritur.
351 1706 464 1762 *etenim
479 1703 499 1762 sr
512 1703 590 1772 loca,
609 1705 629 1762 sr
645 1706 706 1762 sana
723 1747 732 1772 ‚
759 1703 870 1761 srurbes
886 1746 894 1770 ‚
913 1703 1065 1779 sigymna-

203 1779 239 1840 sta
248 1822 257 1851 ,
276 1780 457 1856 scampno,
477 1780 605 1851 srcanes,
627 1779 745 1858 siequos
760 1821 770 1851 ,
789 1779 845 1838 8³11
857 1779 972 1840 ludicras
988 1799 1065 1840 exer·
1099 1788 1104 1795 “

538 1882 541 1889 ·
930 1880 954 1891 ’·
998 1870 1064 1917 cell·

234 2038 269 2079 82.
283 2031 480 2093 semianimesque,
495 2031 660 2092 consuetudinem
672 2029 846 2088 instituendorum
862 2032 1011 2077 amicitiarum
1022 2028 1064 2088 fie-

204 2096 239 2149 ri,
255 2095 312 2151 &sd
327 2092 392 2142 Libb.
408 2107 463 2142 vett.
484 2094 568 2155 partim
580 2091 610 2141 fic
621 2092 707 2141 habent
719 2127 726 2149 ‚
741 2094 917 2155 copulationesque
931 2094 1065 2151 consuetudi·

204 2173 256 2203 nuru
271 2158 446 2203 instituendarum
461 2158 594 2217 voluptatum
605 2155 658 2216 fieri
669 2168 750 2218 propter
759 2155 902 2216 voluptatem:
919 2157 1005 2217 partim
1023 2153 1064 2212 fic,

202 2217 381 2281 copulationesque
391 2219 559 2277 consuetudinum
569 2220 686 2279 voluptates
697 2219 749 2277 fieri
759 2230 841 2280 propter
851 2220 987 2280 voluptatem.
1005 2233 1063 2280 qua-

201 2296 254 2330 rum
275 2279 433 2344 scripturarum
454 2281 505 2343 quis
528 2296 578 2328 non
599 2279 661 2327 videt
683 2294 807 2341 utramque
837 2277 882 2327 esse
909 2279 1062 2330 mendosam?

201 2342 332 2405 eademque
343 2357 413 2405 opera
423 2344 473 2405 quis
484 2358 533 2390 non
552 2344 662 2406 intelligit
679 2343 798 2407 vulgatam
813 2339 858 2388 ess'e
874 2343 1061 2404 interpolatam?

201 2421 259 2454 nant
271 2406 455 2468 exanimatum,
472 2405 509 2454 seu
522 2408 656 2468 voluptarfs,
684 2421 734 2467 quae
746 2406 887 2469 reperiuntur
899 2405 922 2452 in
933 2405 990 2455 libb.
1003 2419 1059 2457 vett.

200 2467 292 2517 fadum
302 2467 347 2524 est,
362 2471 521 2524 amicitiarum,
538 2467 602 2530 quod
613 2469 645 2517 est
656 2465 815 2522 substitutum,
832 2470 857 2514 &
867 2469 1059 2528 voluprurun,ieu

199 2531 332 2592 voluptates,
348 2545 399 2593 quae
410 2530 515 2580 videntur
526 2530 606 2594 scripta
617 2531 748 2579 aberrante
760 2529 885 2592 scriptore,
902 2530 974 2578 deleri
992 2533 1017 2580 dc
1026 2532 1062 2581 ita

199 2591 260 2655 legi,
277 2595 453 2657 copulationesque
463 2595 632 2655 consuetudinum
649 2593 822 2652 instituendarum
836 2592 888 2653 fieri
900 2607 982 2655 propter
997 2597 1061 2640 volu·

107 2659 110 2663 ’
195 2667 276 2717 ptatem
288 2658 332 2706 suc.
349 2656 458 2704 Lambin.
476 2659 656 2717 copulationesque
665 2659 690 2711 θ’
701 2657 871 2717 consuetudinum
885 2656 1062 2715 instituendarum

197 2719 338 2776 uoluntates]
349 2719 465 2767 Hasienus
476 2720 536 2767 inter
547 2721 623 2768 minus
634 2718 701 2767 sanos
712 2718 755 2767 suit
766 2720 831 2777 locus
842 2717 938 2783 iste,qui
949 2716 1011 2766 nunc
1020 2718 1062 2768 be·

196 2795 228 2830 ne
238 2781 327 2844 prorsus
337 2780 405 2829 habet
416 2797 461 2844 ope
472 2783 569 2830 Palatini
581 2783 656 2845 primi.
679 2782 773 2845 vulgati
785 2779 893 2845 quidem,
908 2784 1062 2842 copulationes.

197 2859 239 2908 que
248 2845 417 2902 consuetudinum
434 2844 610 2902 instituendarum
625 2847 791 2892 amicitiarum:
808 2858 884 2906 neque
898 2845 965 2893 aliter
979 2845 1063 2893 Vlsto·

197 2905 365 2962 ῐίεηπεάἰῐίο,
382 2905 422 2955 nifi
444 2905 509 2969 quod
523 2898 776 3017 illaicopusutionerque
800 2908 970 2968 consuetudinum
992 2907 1062 2966 instit.

199 2972 362 3026 aroriciriurum3
379 2969 416 3018 sed
427 2983 508 3018 contra
518 2966 569 3018 mss.
581 2985 614 3017 no
634 2985 686 3024 ros,
702 2967 832 3032 inquibus,
848 2971 1015 3030 consuetudinem
1025 2973 1062 3017 in·
1103 2984 1105 3003 ¹

194 3032 351 3092 slr'ruendurnm
366 3036 498 3094 voluptatum
514 3050 522 3090 3
543 3030 786 3090 quemadmodum&
803 3030 832 3079 de
844 3031 886 3079 suls
900 3031 950 3081 fere
963 3031 1061 3083 testatur

198 3092 340 3144 Lambinus.
352 3096 398 3156 =qui
409 3109 488 3144 tamen
500 3093 624 3147 infeliciter
634 3092 745 3158 grassatus
757 3094 787 3142 ad
798 3093 947 3146 medicinam.
963 3100 1028 3145 Geut.

236 3164 246 3202 8
252 3171 272 3208 3.
289 3159 306 3202 S
308 3161 316 3201 i
328 3160 412 3203 ludicra
422 3159 529 3204 exercendi
539 3171 576 3203 aut
586 3160 680 3205 venandi
689 3159 833 3217 cotrsuetudine
842 3159 944 3203 adamare
950 3159 1065 3217 seleman]

100 3245 108 3252 ·
120 3274 127 3283 ³
204 3218 267 3268 Mihi
279 3220 354 3280 magis
365 3220 440 3282 plicet
450 3222 475 3266 ur
484 3218 517 3267 est
527 3219 551 3266 in
562 3233 640 3269 vetere
650 3219 748 3275 codice,
764 3222 784 3278 fi
795 3220 888 3265 ludicras
903 3223 1011 3267 exercendi
1024 3234 1065 3268 auu

203 3282 299 3331 venandi
309 3283 461 3340 consutudr'nes
471 3285 570 3329 redamare
576 3284 675 3342 solemus.
698 3282 774 3332 Utsin.
804 3284 832 3328 Si
845 3284 940 3329 ludicras
956 3284 1065 3331 eutrandi

204 3357 243 3390 aur
252 3345 348 3389 venandi
355 3345 529 3406 consuetudines]
543 3342 628 3393 Rursus
641 3345 674 3394 est
684 3342 698 3392 i
709 3345 815 3394 Palatino
826 3343 905 3392 nostro
916 3344 1012 3409 primo,
1027 3346 1067 3395 otri

207 3406 232 3455 dc
247 3402 382 3468 suffragatur
402 3419 467 3457 retus
482 3407 557 3457 codex
572 3408 648 3457 Fulvii
664 3406 736 3457 nostri
758 3405 841 3457 Ursini.
872 3412 900 3456 ln
920 3409 983 3458 hunc
999 3406 1065 3457 diem

202 3462 301 3534 illepide
310 3469 398 3520 lelium
408 3504 416 3529 ,
427 3471 541 3532 stiudicru
555 3473 662 3521 exercendi
675 3483 714 3537 uup
727 3472 821 3522 ammae·
833 3471 985 3535 consuedines.
1007 3485 1069 3522 con·

527 3566 529 3571 ·
736 3566 744 3579 κ
1029 3545 1067 3585 m
