2318 3914
204 114 401 179 Lauare
445 112 744 195 Qururus.
853 128 936 202 2533

43 219 136 301 posset
159 220 212 280 alia
236 218 356 297 quadarn
379 219 488 279 ratione.
511 220 667 297 consequi,
688 219 806 281 astricus
819 234 929 298 patere·
1029 258 1061 282 ,ι

45 319 129 367 mur;
150 298 199 375 qui
214 300 297 356 etiam
311 313 387 354 nunc
401 295 501 371 agendi
526 298 630 373 aliquid
656 298 835 375 discendique
848 298 929 359 causti
939 274 1074 388 cxsrrss'm'

46 375 138 452 prope
155 387 249 433 contra
264 386 392 432 naturam
409 374 512 448 vigilias
527 374 658 449 suscipere
671 375 816 435 soleamus.
1062 370 1073 389 '

89 453 151 510 XX.
171 452 188 509 S
196 468 274 509 usar
296 469 340 506 nn
353 468 431 507 reu
454 450 592 519 clariora,
612 451 658 509 vel
686 450 767 527 plane
794 454 977 538 perspieua55

47 546 104 589 nec
119 528 268 587 dubitanda
288 526 389 585 indicia
408 540 540 597 naturae,
561 526 686 586 maxime
705 528 807 587 scilicet
828 532 856 589 in
878 532 933 591 ho-

48 607 145 675 mine,
166 602 232 663 eled
247 606 275 664 in
293 605 372 662 omni
389 603 520 673 animali,
540 617 572 662 ut
585 617 697 680 appetat
710 607 819 665 animus
830 608 955 682 aliquide
970 598 1008 676 sed
1020 600 1046 651 ὅ(
1056 600 1082 653 ³¹¹

50 700 132 757 agere
145 682 270 756 semper,
290 698 383 755 neque
397 681 451 738 ulla
467 680 631 740 conditione
646 683 771 758 quietem
791 666 1084 759 sempter-‘'⁸1³⁸'‘-

49 776 116 819 nam
132 759 213 833 possse
227 759 292 831 pati.
330 757 409 815 facile
425 757 462 815 est
477 759 539 815 haec
554 775 665 816 cernere
680 761 709 817 in
724 761 817 835 primis
831 778 935 836 puero·

52 852 115 894 rum
132 834 256 892 aetatulis.
276 851 446 910 quamquam
470 835 545 892 enim
569 852 693 903 vereor,
720 844 756 893 ne
778 838 880 896 nimius
902 838 933 898 in

51 912 110 971 hoc
124 929 226 986 genere
240 911 357 969 videar:
386 924 481 968 tamen
503 928 602 970 omnes
623 924 731 970 ueteres
752 913 933 989 philosophi,

53 986 179 1046 maxime
193 988 274 1046 nostri
291 1030 300 1057 ,
318 987 357 1046 'ad
371 986 536 1046 incunabula
550 989 703 1058 accedunt,
723 988 800 1065 quod
821 991 850 1048 in
864 1008 933 1065 pue·

53 1066 115 1122 titia
137 1062 267 1122 facillime
288 1065 314 1123 se
336 1064 498 1122 arbitrentur
518 1077 625 1122 naturae
645 1063 834 1140 fuoluptatem
855 1055 957 1142 posses
975 1069 1089 1121 volunta·

52 1139 233 1213 cognoscere.
254 1140 398 1199 uidemus
412 1142 494 1215 igitur
510 1184 519 1210 ‚
540 1151 606 1199 saut
621 1142 816 1217 conquiescere
837 1160 874 1202 ne
890 1146 932 1202 in·
942 1145 993 1183 “¹¹¹
1010 1135 1088 1187 2⁶0¹*-

54 1218 144 1275 fantes
161 1217 275 1293 quidem
285 1217 405 1292 possint:
427 1216 490 1274 chus
507 1216 575 1274 vero
591 1216 960 1294 paullumsprocesser·int,g
980 1241 1050 1277 atate

56 1292 205 1352 lusionibus
226 1294 272 1353 vel
296 1293 435 1352 laboriosis
457 1293 651 1364 deledlantur,
677 1308 708 1353 ut
728 1312 765 1353 ne
779 1288 1043 1357 verberibusrroceff·

56 1370 173 1447 quidem
188 1370 317 1430 deterreri
331 1370 439 1446 pollint.
480 1380 604 1447 50eaque
620 1372 752 1447 cupiditas
772 1373 871 1447 agendi
887 1356 1014 1432 ali-‘dm‘

58 1446 127 1581 quid
141 1447 273 1506 adolescit
288 1447 343 1506 uria
360 1465 424 1505 cum
441 1448 573 1505 aetatibus.
611 1448 726 1524 Itaque,
747 1466 784 1507 ne
799 1448 819 1506 fi
835 1449 938 1524 jucun·

80 1524 170 1582 issimis
184 1524 298 1600 quidem
313 1543 365 1583 nos
379 1524 491 1583 somniis
514 1524 608 1583 usuros
628 1537 757 1599 puteanus
775 1568 784 1593 ,
806 1535 831 1577 5¹
842 1525 939 1601 Endy-

62 1601 164 1659 mionis
180 1601 310 1659 somnum
325 1601 404 1660 nobis
418 1602 535 1659 uelimus
550 1600 607 1660 dari
624 1620 631 1659 :
661 1600 746 1679 idque
767 1600 788 1660 fi
808 1601 915 1661 accidat
931 1644 940 1674 ,

62 1679 161 1735 mortis
174 1678 254 1737 instar
268 1690 422 1753 putemus.-

20 1804 24 1811 .
103 1755 180 1830 Quin
196 1756 280 1813 etiarn
296 1756 470 1814 inertislimos
484 1756 640 1824 homines,
660 1755 753 1813 nescio
775 1773 830 1831 qua
851 1754 941 1833 singu·
952 1764 989 1842 56

61 1830 112 1890 lari
126 1832 248 1906 nequitia
270 1833 424 1907 praeditos,
451 1832 580 1891 videmus
600 1845 696 1891 tamen
729 1834 758 1888 &
785 1833 882 1891 animo
910 1835 942 1893 &

33 1912 36 1919 '
63 1925 183 1982 corpore
198 1909 307 1966 moveri
322 1908 446 1983 semper,
468 1910 515 1976 &‚
536 1908 601 1967 chm
616 1928 645 1967 re
665 1907 739 1968 nulla
754 1909 941 1983 impediantur

63 1981 228 2053 necessaria,
249 1998 295 2042 aut
309 1985 448 2042 alveolum
471 1987 605 2060 poscere,
628 1997 674 2043 aut
697 2002 822 2060 quaerere
842 2003 944 2062 quem-

63 2061 141 2137 piam
158 2060 271 2129 ludum,
291 2073 339 2119 aut
353 2062 510 2120 sermonem
520 2064 641 2137 aliquem
656 2062 943 2138 requireretctimque

64 2155 126 2196 non
141 2135 259 2196 habeant
273 2139 405 2212 ingenuas
419 2158 453 2196 ex
466 2138 591 2197 doslriua
613 2138 810 2196 oblediationes
827 2181 835 2206 ‚
855 2140 945 2196 circu-
1085 2177 1094 2191 .

67 2215 111 2272 los
139 2214 244 2289 aliquos
265 2216 294 2272 &
316 2214 523 2273 hsemicirculos
538 2214 695 2273 conserturi.
734 2233 769 2273 ne
785 2215 969 2292 bestiaequi·h
985 2214 1080 2301 semus:

67 2290 133 2348 dem
151 2333 158 2359 ,
178 2309 245 2367 quas
267 2290 457 2351 delestationis
478 2290 555 2349 causi
578 2290 797 2360 concludimus,
818 2291 881 2349 clun
898 2282 1083 2350 cosulsssw·

68 2365 169 2442 piosabs
196 2369 301 2427 alantur
320 2369 413 2445 quina·
441 2369 461 2428 si
476 2365 560 2427 essent
575 2368 668 2427 liberae
684 2409 693 2439 ,
712 2368 792 2430 facile
807 2370 948 2504 patiunstqr

905 2462 920 2503 e
932 2464 950 2504 e

44 2590 47 2595 '
103 2592 143 2644 48.
160 2585 384 2645 santabarenus]
414 2585 544 2635 Lambinus
562 2585 697 2647 interjecit,
716 2583 949 2645 facilinoseocsrere

69 2658 210 2710 patarensium
227 2647 306 2713 inepte
329 2653 354 2699 δι
366 2666 447 2712 praeter
458 2650 517 2699 l’all.
529 2663 613 2697 omnes
629 2650 768 2714 editosque,
784 2649 845 2698 nihil
855 2648 953 2712 vulgata

52 2722 54 2727 ·
74 2708 201 2773 scriptione
210 2712 334 2763 venustius.
367 2717 432 2763 Grus.

106 2789 144 2830 49.
161 2780 195 2819 vs
206 2777 343 2839 conquiescere
351 2794 376 2823 ns
387 2778 479 2837 infantes
489 2777 576 2840 quidem
583 2774 675 2839 poffins.]
692 2772 832 2823 Aristoteles
837 2772 879 2825 lib.
885 2786 950 2822 vm.

72 2836 147 2887 Polis.
165 2839 203 2884 oi
213 2856 257 2897 pap
267 2841 363 2888 assuens
376 2848 404 2887 ero'
415 2842 457 2887 usn
469 2838 604 2901 ἧφυχέζιιν.
637 2838 713 2897 Usſsn.

107 2916 144 2956 50.
163 2905 238 2965 anue
248 2904 354 2964 cupidius
363 2906 439 2963 agendi
449 2904 536 2966 aliquid
547 2902 646 2963 adolescis
658 2917 701 2948 unu
713 2918 761 2949 cum
777 2902 884 2957 aracusa]
914 2902 952 2947 Ita

74 2960 145 3011 estin
156 2962 331 3026 manuscripto,
344 2980 386 3031 pto
397 2967 491 3014 natibus
503 2982 512 3010 .·
528 2968 552 3013 se
565 2966 646 3027 paullo
657 2965 732 3022 infra,
743 2965 845 3025 segnitie,
862 2976 906 3026 pto
916 2978 956 3008 ne·

74 3030 165 3090 quirin:
181 3042 254 3091 qnam
266 3026 395 3076 lestionena
407 3029 499 3077 notavit
510 3031 583 3076 etiam
594 3028 719 3076 Morelius.
752 3030 818 3075 Idem.

108 3105 144 3146 51.
162 3093 305 3147 Endymionis
315 3092 414 3153 somnum
430 3092 487 3138 nobis
503 3094 598 3138 velimus
614 3093 685 3147 dari]
716 3089 780 3139 Libri
799 3089 888 3153 vulgati
903 3084 956 3138 fet}

78 3165 163 3203 omnes
174 3155 278 3211 habent,
296 3158 388 3201 nolimus
399 3153 468 3202 dari:
485 3153 523 3202 sed
534 3152 604 3202 codd.
619 3156 791 3202 recensetum.
810 3155 835 3201 bc
850 3152 956 3201 liusalti·

80 3228 142 3273 nus,
157 3220 183 3267 &
194 3219 345 3273 clericanus,
362 3221 408 3267 &e
426 3220 521 3264 velimus
531 3218 590 3267 dari.
606 3229 763 3274 utrocumque
779 3230 861 3264 remen
879 3213 956 3263 modo
997 3272 1000 3277 Ι

80 3277 201 3339 legamus,
215 3282 301 3330 eadem
313 3282 428 3330 sententia
440 3292 530 3328 manet.
552 3279 598 3327 boe
613 3277 709 3328 tantiam
725 3278 838 3336 interest,
855 3275 920 3341 quod
936 3274 957 3325 li

81 3343 175 3391 nolimus
183 3344 304 3408 legamus,
320 3358 370 3392 turn
386 3347 508 3411 geminata
519 3344 596 3407 magis
608 3342 718 3407 negabit,
735 3344 781 3392 hoc
792 3341 882 3399 modd,
898 3339 959 3386 noli·
998 3380 1001 3387 .

81 3419 133 3451 mus
146 3407 204 3453 nabis
217 3410 359 3473 Endymionis
370 3411 474 3475 -ssmmsm
488 3407 561 3464 dari,
579 3407 602 3466 ſs
613 3406 772 3473 jusundsffimis
781 3408 869 3475 qnidam
886 3437 894 3461 ‚
909 3402 957 3455 &a

82 3466 223 3523 Lambinus.
822 3489 824 3492 ’

464 3538 669 3599 leaenam,
711 3538 714 3543 ’
846 3531 964 3590 κεῖθ’·
