2318 3914
278 172 358 243 2474
463 158 634 226 Dt-Fm.
657 160 755 226 [lou
775 179 826 227 er
848 162 972 231 Mat.

275 271 408 346 adjutrix:
427 272 484 332 hoc
503 272 639 349 sapientiae
661 291 761 333 munus
781 268 834 331 else
855 273 1022 345 dicebant,
1043 287 1139 349 uterini

272 351 467 426 tueretut,qui
479 350 612 409 constaret
626 352 768 409 exanimo
783 351 812 407 δε
826 366 967 429 corpote:
984 350 1019 409 in
1027 364 1139 433 utroque

270 427 381 502 juvaret
395 444 461 483 eum
489 439 571 502 atque
593 426 755 484 contineret.
774 439 856 501 atque
869 427 909 484 ita
924 444 956 485 re
972 428 1074 503 primo
1087 430 1139 491 littt-

169 524 173 554 :
271 502 377 578 pliciter
390 503 544 570 collocata,
564 503 666 578 reliqua
680 502 794 560 subtilius
808 500 1030 579 persequentes,
1050 524 1138 583 corpo·

274 580 310 637 ris
324 579 396 637 bona
416 580 525 637 facilem
545 578 681 655 quandam
703 578 839 635 rationem
860 579 967 637 habere
991 580 1138 643 censebant.

272 654 308 712 de
322 655 407 711 animi
420 653 498 712 bonis
512 655 659 713 accuratius
673 655 864 730 exquirebant:
885 654 916 713 in
931 655 1093 734 primisque
1103 677 1136 719 te·

272 730 435 806 periebant,
455 732 484 788 in
504 731 544 787 his
565 729 646 789 inell'e
662 730 772 804 jullitiae
791 729 921 788 semina:
943 734 1092 811 primique
1108 752 1134 795 tx

269 807 398 864 omnibus
414 805 576 880 philosophis
589 806 604 863 'a'
619 817 712 863 natura
726 803 936 864 tributum-elle
959 808 1135 881 docuerunt,

270 897 300 940 ut
314 883 351 952 ii,
371 883 419 958 qui
432 884 563 956 procreati
579 879 679 949 client,
699 879 949 956 {procreatoribus
974 900 1133 957 amarentur,

271 960 302 1017 ὃ(
315 961 359 1026 id,
379 959 455 1032 quod
467 972 625 1034 temporum
640 958 736 1016 ordine
756 958 893 1032 antiquius
909 959 948 1017 est
968 1001 978 1027 ,
1000 975 1033 1019 ut
1047 964 1132 1038 conjn-

267 1036 312 1108 gia
340 1036 462 1091 virorum
489 1036 519 1091 dc
544 1052 680 1101 uxorum,
700 1030 794 1092 naturi
814 1034 970 1107 conjuncta
997 1036 1056 1097 else
1069 1040 1131 1098 dice

267 1121 344 1170 rent:
364 1127 417 1185 qua
432 1128 466 1167 ex
480 1110 556 1184 llirpe
570 1113 703 1168 orirentur
717 1109 846 1166 amicitiae
861 1114 1086 1185 cognationum·
1099 1128 1130 1175 al·

267 1203 323 1261 que
339 1185 372 1243 ab
385 1187 424 1244 his
436 1187 518 1244 initiis
539 1186 676 1260 professi,
696 1186 824 1243 omnium
845 1186 989 1247 virtutum
1013 1193 1045 1251 δε
1058 1193 1129 1267 origi·

266 1278 333 1319 nem
354 1264 383 1318 δι
406 1262 619 1336 progressionem
641 1262 771 1336 persecuti
785 1261 854 1320 sunt.
892 1280 930 1321 ex
975 1284 1018 1325 uo
1033 1270 1128 1345 magni·

267 1336 337 1394 tudo
351 1355 463 1412 quoque
477 1340 560 1395 animi
575 1338 789 1411 exsiliebat,qua
805 1335 885 1396 facile
900 1358 952 1413 po,¹
964 1356 996 1401 et
1003 1361 1127 1420 repugna·

265 1414 289 1471 ri
315 1414 455 1488 obsrstique
478 1415 614 1481 fortunae,
633 1413 711 1489 quod
726 1413 856 1471 maximae
871 1431 915 1473 res
929 1416 1021 1479 client
1040 1422 1067 1479 in
1080 1438 1125 1495 po·

265 1490 363 1547 testate
373 1489 503 1564 sapientis.
539 1493 679 1549 varietates
701 1503 793 1548 autern
812 1490 986 1567 injuriasque
1013 1496 1123 1555 fomente

263 1566 346 1699 mille>
360 1580 484 1625 veterum
498 1566 720 1643 philosophorum
734 1566 876 1641 praeceptis
889 1568 1014 1631 inllituta
1029 1571 1099 1631 vitas
1111 1602 1122 1615 -

284 1660 328 1699 era
347 1656 382 1700 at.

223 1659 283 1783 18p
299 1719 438 1792 Principiis
451 1732 544 1779 autem
558 1720 574 1777 d
590 1731 682 1779 natura
696 1718 982 1794 datis,amplitudinet
996 1722 1122 1800 quaedam

262 1792 400 1853 bonorum
416 1797 617 1863 excitabantur,
637 1797 734 1870 partim
755 1796 891 1869 profectae
914 1797 1121 1873 acontentpla·

259 1870 338 1928 tione
352 1889 442 1933 terum
456 1874 638 1931 occultiorum
648 1871 741 1945 ,quod
754 1883 811 1928 erat
822 1871 918 1931 insitus
932 1876 1120 1949 menticogni·

118 1972 134 2005 v
148 1957 222 2021 expli·
260 1946 342 2005 tionis
356 1965 455 2015 amor,
475 1967 509 2005 ex
524 1966 581 2024 quo
595 1950 676 2005 etiam
692 1948 819 2015 rationis,
840 1950 1023 2023 vexplicandl
1043 1948 1121 2011 dille·

116 2019 196 2067 anda
260 2023 392 2098 rendique
406 2024 536 2097 cupiditas
549 2023 781 2098 consequebatur:
803 2023 938 2100 quodque
957 2027 1016 2085 hoc
1037 2027 1121 2091 solun

116 2084 191 2131 Lm·
260 2101 360 2157 animal
375 2113 467 2157 natum
485 2101 522 2157 est
535 2100 643 2173 pudoris
669 2117 700 2156 ac
723 2099 899 2157 verecundiae
914 2105 1120 2181 particeps,ap-

259 2188 409 2250 petensque
437 2176 664 2245 coniunstionpm
687 2174 835 2231 hominum
871 2193 905 2233 ac
940 2176 1119 2247 societatum,

258 2251 531 2325 animadvertensque
551 2253 578 2307 in
593 2250 719 2308 omnibus
740 2251 841 2320 rebus,
860 2269 929 2326 quas
956 2270 1055 2329 ageret
1078 2267 1120 2315 aut

144 2340 170 2387 r.
188 2340 216 2389 s.
259 2324 379 2393 diceret,
398 2327 500 2402 nequid
521 2327 603 2383 abeo
624 2325 725 2392 fieret,
745 2325 792 2383 nist
812 2327 928 2385 honeste
947 2330 981 2389 ὃ(
1006 2330 1118 2393 decore:

253 2400 295 2459 lris
309 2404 406 2468 initio,
427 2416 457 2459 ut
472 2400 534 2459 ante
548 2401 620 2469 dixi,
639 2417 780 2476 tamquam
796 2403 968 2473 seminibm,
989 2406 1009 2466 a
1030 2422 1121 2467 nature

255 2476 338 2543 datis,
357 2480 554 2550 temperantia,
575 2478 722 2544 modestia,
738 2477 838 2552 justitia
864 2480 894 2537 ὅτ
910 2485 1008 2541 omnis
1034 2486 1120 2543 hone-

253 2552 302 2610 itas
317 2553 435 2625 persedie
449 2554 565 2611 absoluta
580 2553 624 2610 eli.
874 2618 878 2626 ¹

213 2663 248 2721 19
291 2629 369 2690 VIll.
389 2631 532 2696 Herses,
552 2632 681 2704 inquam,
702 2629 790 2697 Cato,
810 2631 931 2690 formam
949 2651 1073 2705 eorum,
1087 2638 1119 2696 de

253 2706 349 2780 quibus
376 2706 499 2781 loquor,
525 2706 758 2781 philosophorum.
806 2708 860 2780 qui
888 2710 1019 2782 expositi
1057 2714 1118 2773 scite

251 2783 353 2855 cupio,
371 2801 435 2856 quae
449 2782 524 2840 causa
539 2782 587 2850 stt,
608 2801 654 2839 cur
668 2782 747 2840 Zeno
763 2777 795 2841 ab
816 2785 867 2839 hac
884 2786 1003 2861 antiqua
1018 2789 1118 2849 inllitu·

251 2859 328 2916 tione
341 2859 495 2916 desciverit:
516 2859 644 2934 quidnam
661 2860 760 2915 horum
778 2859 810 2914 ab
831 2876 866 2915 eo
888 2878 948 2917 rron
966 2863 1001 2921 lit
1023 2870 1117 2940 proba·

178 2918 186 2939 Ι
250 2946 320 2992 turn.
345 2935 458 3011 quodne
472 2952 585 2992 ornnem
601 2946 723 2991 naturam
739 2935 970 3001 conservatricem
987 2941 1027 3000 lui
1041 2942 1117 3000 dixe·

249 3010 303 3068 rit?
323 3008 356 3068 a'n
371 3010 447 3085 qubd
469 3028 555 3068 omne
575 3010 674 3067 animal
694 3011 780 3084 ipsum
796 3010 842 3067 libi
857 3018 1114 3085 commendatum,

107 3114 125 3148 x
141 3097 228 3149 selalv.
252 3100 283 3143 ut
297 3086 345 3143 ¹sc
360 3088 389 3148 &
410 3087 511 3145 salvum
532 3088 560 3145 in
582 3086 629 3143 suo
649 3103 750 3161 genere
776 3086 975 3163 irrcolttmeque
1012 3092 1114 3151 vellet?

107 3167 183 3211 Lamb-
249 3180 300 3229 an,
321 3161 385 3218 cbrn
406 3164 533 3221 omnium
553 3162 650 3219 artium
672 3160 731 3219 finis
750 3163 771 3219 is
795 3159 882 3230 esset,
908 3168 999 3240 tquid
1019 3182 1115 3231 natura

106 3240 210 3334 y'quem
252 3237 374 3295 maxime
387 3251 539 3310 quaereret,¹
554 3236 628 3296 idern
642 3237 718 3294 statui
732 3237 830 3295 debete
845 3240 880 3297 de
893 3246 981 3301 totius
1004 3258 1062 3304 arte
1075 3246 1114 3303 vi·

105 3308 120 3334 ⁴
131 3304 215 3402 ’Ἠ
247 3313 306 3369 tae?
326 3331 361 3370 an
375 3312 466 3387 quod,
484 3314 549 3372 cittn
564 3315 659 3371 animo
672 3313 856 3372 constaremus
878 3317 907 3373 &
922 3334 1063 3395 corpore,
1081 3322 1110 3379 dt

107 3366 139 3415 qu
246 3390 308 3448 haec
322 3389 397 3466 ipsa,
416 3392 446 3449 δι
460 3407 558 3449 eorum
572 3392 683 3451 virtutes
696 3406 745 3465 per
763 3389 790 3451 se
811 3388 865 3452 else
885 3390 1056 3477 sumendas?
1074 3416 1107 3461 an

1044 3470 1110 3563 tel
