2318 3914
177 107 753 192 ·Lrne.nSuc'u,rrnuu
837 111 944 207 2655.

66 282 72 291 .
91 227 186 306 Ergo,
204 232 234 291 id
267 231 324 291 uod
336 241 432 290 natura
445 228 499 304 ipsa
530 229 560 286 ὃς
581 228 710 303 quaedam
724 224 854 302 generosa
867 227 920 314 vir·
933 235 967 294 16

49 313 97 364 tus
111 308 200 366 statim
221 250 332 384 reipuit‚
353 317 382 347 ²²
392 323 428 363 ue
447 305 573 363 dolorem
597 303 738 361 summum
760 302 864 361 malum
880 302 921 389 dr·

52 396 147 452 ceres,
167 382 350 458 oppositoque
372 381 507 439 dedecore
527 376 661 437 sententii
681 377 869 452 depellerere,
889 396 918 438 m
981 408 985 419 ·

52 472 97 520 eo
113 462 234 533 magistra
261 461 328 517 vitoe
362 456 532 532 philosophia
553 466 597 513 tot
629 454 726 513 saeeula
750 463 937 528 tpermanet.t
953 467 1047 516 verme·
1104 470 1108 475 ·

50 535 161 604 [Quod
176 534 396 600 huicoffieium,
415 550 478 609 quae
490 531 565 599 laus,
587 530 665 606 quod
679 528 762 588 decus
777 530 826 586 erit
842 520 1070 632 tantiffisiu.

50 609 128 680 quod
141 610 250 686 adipisci
270 628 336 669 cum
357 609 453 672 dolore
475 605 597 681 corporis
619 606 685 665 velit
700 605 779 680 ,equi
792 603 916 681 dolorem
927 636 953 688 so
962 595 1029 703 quoi

49 681 190 747 summum
219 687 324 745 malum
345 684 392 742 fibi
414 681 466 742 elle
488 680 669 758 persuaserit?
702 692 809 756 ¹qurm
833 680 979 769 porrum,

49 759 109 832 quir·
124 761 333 834 ignominiam,
352 777 436 835 quam
457 757 652 833 turpitudinem
675 775 733 816 non
755 756 894 831 pertulerit
909 778 942 828 ,x
957 778 1054 819 contre·

48 846 80 893 ut
93 834 206 912 effugiet
223 832 369 904 dolorem,
390 835 450 893 srid
466 836 606 893 summum
628 834 732 905 malum
754 828 808 891 else
823 832 1051 899 decrementum

48 910 140 969 verit?
160 916 221 988 quis
235 926 328 971 cutem
343 930 402 972 non
417 912 496 969 miser
510 929 569 968 non
584 908 672 967 modo
686 922 769 978 tunc,
784 907 847 966 cum
857 926 917 981 pre·
925 891 1068 1012 {iilum

49 998 143 1046 metur
155 988 267 1049 summis
281 989 438 1054 doloribus,
458 987 477 1044 fi
492 987 520 1044 in
533 986 574 1044 his
589 984 626 1042 est
639 984 776 1042 summum
794 985 897 1072 melum
907 1029 916 1055 ,
924 1016 977 1066 MS·

48 1056 193 1123 sedetiam
208 1064 270 1123 clim
287 1066 350 1124 sciet
373 1063 400 1123 id
415 1063 462 1121 fibi
476 1057 552 1137 polle
566 1059 704 1147 eyenire?
722 1062 772 1119 r&
787 1079 846 1136 quis
861 1060 897 1119 est
907 1105 917 1132 ‚
927 1094 958 1148 17

48 1138 284 1215 cuinonpolsrt?
324 1141 366 1199 lta
387 1138 441 1206 fit,
461 1151 492 1196 ut
513 1154 631 1196 ommno
652 1154 739 1196 nemo
761 1137 814 1195 efie
835 1138 914 1213 poffit
954 1157 978 1203 ι».
999 1157 1052 1230 ll„

49 1210 152 1273 beatus.
172 1227 200 1270 ²³
211 1217 388 1275 Metrodorus
402 1214 516 1291 quidem
533 1231 597 1270 eum
614 1211 734 1286 persedit}
755 1226 832 1288 purat
850 1215 906 1273 bea·
921 1229 936 1276 l
952 1215 994 1264 celi
1011 1231 1065 1282 qum

48 1298 128 1359 tum,
148 1293 193 1351 cui
213 1310 311 1366 corpus
331 1292 402 1349 bene
423 1289 599 1348 constitutum
616 1287 671 1358 fit,
691 1290 720 1346 &
742 1290 913 1363 exploratum
923 1281 1018 1348 MS&
1044 1294 1047 1301 ’

48 1362 85 1420 ita
99 1365 205 1441 semper
220 1370 290 1427 fore.
310 1369 369 1443 quis
384 1379 477 1424 autern
493 1362 531 1423 est
545 1364 608 1434 iste,
629 1365 673 1422 cui
693 1363 723 1422 rd
742 1366 916 1440 exploratum

92 1440 134 1499 ffit
148 1441 221 1501 effe?

49 1455 156 1577 ponl.
175 1519 376 1581 Errcuuus
402 1517 470 1577 vero
493 1535 524 1576 ea
545 1517 635 1586 dicit,
661 1527 693 1578 ut
720 1517 788 1575 mihi
804 1518 919 1593 quidem

48 1589 114 1657 risus
128 1606 235 1668 captare
250 1595 382 1654 videatur.
420 1595 535 1651 affirmat
555 1595 628 1651 enim
650 1593 771 1668 quodam
787 1593 878 1664 loeo,
898 1595 918 1682 li

48 1669 274 1746 uratursapiens,
294 1670 478 1729 srcrueietur:
500 1668 635 1743 exspedlas
658 1667 766 1727 fortalie
787 1670 854 1728 dum
877 1673 920 1731 dr·

48 1755 113 1812 eat,
140 1744 277 1824 Parierur,
298 1748 434 1820 perferet,
453 1765 511 1805 non
534 1745 701 1802 succumbet.
739 1747 842 1818 Magna
857 1762 919 1806 me-

48 1816 159 1885 hercule
179 1822 260 1888 laus.
279 1822 309 1879 δι
321 1839 367 1880 :eo
389 1822 471 1897 ipso,
491 1837 539 1896 per
559 1838 644 1895 quem
661 1821 773 1894 jurari,
794 1821 917 1883 Hercule

48 1891 146 1990 digna:
164 1897 210 1958 sed
224 1899 344 1975 Epicuro
360 1899 468 1967 homini
499 1896 593 1999 aspero
613 1896 643 1955 δι
656 1895 727 1955 duro
741 1913 799 1954 non
814 1897 918 1959 esthoe

844 1975 913 2073 satio.

48 2184 88 2225 rur
104 2181 139 2227 M.
145 2181 242 2230 Melum.
259 2194 284 2230 ut
297 2184 325 2233 dc
334 2183 464 2246 quartlal.
477 2180 779 2251 cetcrlquaiuor,querrode
788 2201 832 2249 ru,
846 2189 913 2255 quod

48 2239 271 2301 &indenturam
279 2247 353 2295 Varie.
385 2247 491 2297 Gebhard.

75 2318 113 2351 22.
129 2311 162 2352 Ne
176 2307 386 2368 doloremsummum
400 2311 482 2357 melum
499 2310 594 2367 dicerer,
611 2305 735 2377 oppositoque
754 2305 848 2365 dedecore
860 2318 913 2377 serr·

48 2364 111 2415 :encre
121 2369 261 2427 depellererel]
282 2371 339 2420 l’all.
355 2385 389 2434 pr.
407 2384 458 2420 tert.
471 2384 547 2436 quere.
562 2372 638 2434 quint.
651 2372 711 2423 Pieli.
723 2374 810 2426 Ulrich.
829 2381 912 2438 dicere,

48 2420 185 2490 &depellere
203 2433 303 2495 primus,
314 2434 441 2493 sententiam
451 2436 557 2499 depellere.
573 2434 661 2484 Ulrich.
673 2438 775 2496 repellere.
791 2438 914 2498 Gebhard.

48 2494 75 2538 lle
84 2493 293 2554 doloremsummum
304 2499 386 2542 melum
402 2498 498 2554 diceres,
518 2496 642 2560 oppcfircque
657 2498 751 2546 dedecore
757 2503 864 2562 senterrr'd
874 2507 915 2554 dc·

48 2554 160 2613 pellerere]
175 2561 233 2606 Ven.
248 2571 311 2615 1491.
320 2554 407 2607 Erasm.
420 2574 447 2607 ac
458 2561 550 2624 plurimi
563 2560 653 2617 MSSti,
663 2579 687 2610 ne
697 2562 789 2610 dolorem
799 2567 912 2622 summum

48 2620 126 2662 nalum
138 2619 223 2673 dicere,
239 2620 467 2684 oppofiropuededecere
477 2623 583 2683 smeerrici
598 2623 704 2684 depellere.
721 2626 823 2679 cantab.
843 2630 911 2688 dcstn'e⁴

48 2678 142 2735 lederun.
160 2681 250 2728 Norvic
265 2684 379 2743 uuusmse
391 2685 598 2746 doloremsummum
607 2687 689 2732 mulum
706 2687 916 2753 diceresnppcfirei

48 2755 80 2795 rue
91 2741 187 2786 dedecore
191 2742 295 2802 sentencia
305 2748 425 2807 depellitur.
446 2746 553 2804 alteim
561 2749 585 2807 se
600 2749 692 2796 delorem
700 2750 809 2808 summum
825 2758 910 2804 malm

48 2804 119 2858 licere,
139 2805 184 2855 &0-
201 2801 263 2852 uude
271 2806 546 2869 legendumarbit101,ne
555 2810 592 2870 effe
603 2810 697 2858 delerem
708 2814 817 2873 firmmum
827 2822 912 2866 malum

48 2858 131 2922 licerer,
147 2867 273 2930 oppofireque
283 2872 392 2928 dedecere,
403 2870 509 2930 sententie*
519 2872 649 2933 depellerere.
681 2872 761 2924 navis.
934 2884 939 2891 '

55 2944 106 2985 ⁷²3·
124 2932 278 2988 Metrodorum]
307 2932 381 2991 Hujus
397 2936 422 2982 dc
434 2933 489 2982 alibi
503 2932 612 2985 meminit
624 2936 675 2985 Ciu
687 2936 732 2986 fuit
747 2937 777 2985 de
791 2941 910 3005 precipuis
987 2971 991 2982 ι

48 2986 188 3040 editoribus
199 3006 271 3054 atquc
286 2995 366 3043 amicis
384 2997 475 3060 Epicuri
488 3014 496 3053 3
512 2996 576 3056 cujus
587 3000 731 3048 memoriam
741 2999 788 3050 coli
799 3015 851 3051 cum
868 3004 908 3057 suc

49 3048 181 3103 eramento
197 3053 266 3118 jullit.
299 3057 345 3105 Hic
356 3056 579 3116 Athenienlis‚non
600 3059 642 3108 ille
653 3062 771 3125 ,posterior
790 3065 907 3130 Scepsius,

48 3114 81 3175 [uit
93 3114 207 3178 prestanti
217 3119 348 3173 memoria,
364 3121 427 3181 cujus
437 3121 529 3169 mentio
545 3121 572 3170 lit
588 3119 613 3170 in
624 3126 642 3172 l.
653 3123 721 3181 Ταῖς.
738 3126 790 3175 Fuit
802 3129 826 3176 de
843 3128 902 3187 aliur

48 3177 186 3226 detrodorus
197 3180 387 3238 Stratonicensis,
404 3182 508 3232 desertor
523 3184 626 3247 Epicuro
640 3184 746 3250 itemque
761 3189 819 3238 alius
836 3207 902 3242 veru-

48 3242 92 3289 lior
108 3275 115 3297 ,
130 3238 239 3305 migidcr
254 3241 395 3296 Andxarchi.
429 3246 575 3295 senteutiam
594 3250 675 3297 cutem
693 3253 825 3303 Metrodori
840 3255 904 3307 hanc

48 3318 60 3350 n
74 3317 107 3352 ιι,
124 3304 174 3352 llio.
191 3306 223 3354 ita
235 3308 327 3355 retulit:
344 3310 480 3373 Metrodorus
488 3308 538 3363 rere'
549 3311 614 3366 elirer
624 3314 692 3371 qudm
703 3318 807 3377 Epicurus
818 3319 903 3367 beatum

48 3366 178 3427 ffedesm'be'e
187 3371 220 3413 his
227 3369 275 3428 feri
285 3373 371 3420 verbis:
389 3380 440 3420 cum
450 3383 522 3434 corpur
531 3373 579 3420 bere
590 3373 723 3441 constiturum
728 3379 771 3440 fir,
786 3381 812 3435 dc
820 3382 851 3440 fir
866 3399 904 3432 erc·

48 3430 138 3478 lucarum
149 3428 298 3491 r'rufurrrrum.
331 3439 452 3488 cumerar.
583 3487 585 3491 .

119 3498 123 3503 '
451 3499 512 3550 lille
527 3499 580 3548 rur
594 3501 627 3549 lclr
817 3523 856 3570 24.
870 3511 940 3559 δαν
