2318 3914
224 119 413 187 Lintrc
457 96 796 194 Sucunnu's.
874 140 956 209 2421

76 239 195 307 propter
208 247 256 291 me
277 231 402 310 aliquid,
441 231 502 306 plus
527 230 612 307 quim
635 250 690 310 ego
713 236 792 310 ipse,
810 232 959 311 gaudeat?

79 307 183 368 Animi
198 308 321 385 voluptas
335 309 423 370 oritur
437 320 550 382 propter
572 310 745 385 voluptatem
768 314 906 387 corporis,
926 313 958 372 &

79 384 173 459 major
194 384 231 444 est
259 387 346 445 animi
369 386 496 459 voluptas
522 384 609 460 quim
631 389 762 461 corporis.
800 389 836 445 ita
856 387 905 455 fit,
923 401 955 449 ut

80 459 229 536 gratulator
250 461 342 522 laetior
364 460 396 519 srt
423 460 509 536 quan
531 463 577 530 is,
617 463 661 521 cui
682 464 838 539 gratuletur.
876 464 954 535 Sed,

79 537 148 596 dum
169 537 279 597 efficere
301 538 383 596 vultis
403 537 513 595 beatum
534 538 713 613 sapientem,
733 539 798 599 clrrn
820 541 952 599 maximas

79 615 175 673 animo
191 615 348 689 voluptates
364 614 512 689 percipiat,
532 616 718 692 omnibusque
732 615 850 691 partibus
864 616 953 690 mejo-

76 707 121 749 res
146 689 234 768 quim
255 708 399 765 corpore,
417 690 483 767 quid
503 705 630 751 occurrat
656 691 844 752 nonvidetis.
867 693 951 752 animi

73 768 153 826 enim
169 785 286 857 quoque
300 768 410 827 dolores
424 766 555 842 percipiet
568 770 699 828 omnibus
722 769 840 844 partibus
862 768 953 843 majo·

72 860 117 901 res
138 861 226 918 quarn
249 845 380 919 corporis.
416 845 453 903 ita
474 843 554 902 miser
577 844 610 903 tir
623 844 656 904 ali
678 844 771 905 uando
793 841 901 904 neceile
915 843 954 903 est
978 884 981 889 -

73 920 115 989 is,
136 936 225 994 quem
239 936 289 977 vos
304 921 414 979 beatum
428 919 534 994 semper
548 921 628 981 vultis
644 863 706 980 utile.
744 939 798 980 nec
815 921 883 978 vero
905 919 951 988 id,

74 995 148 1081 dum
164 995 260 1052 omnia
281 996 314 1055 ad
340 996 512 1072 uoluptatem
534 995 718 1075 doloremque
733 997 872 1068 referetis,
892 995 952 1055 effi·

76 1083 157 1129 cretis
173 1088 315 1146 umquam.
1098 1128 1103 1141 ,

119 1149 214 1221 Quare
234 1147 305 1207 aliud
325 1149 452 1226 aliquid,
472 1148 643 1226 Torquate,
662 1152 784 1211 hominis
807 1149 1018 1210 summum109

75 1223 186 1285 bonum
207 1225 398 1298 reperiendum
420 1227 465 1287 est.
503 1228 673 1301 voluptatem
701 1227 788 1287 bestiis
809 1227 949 1287 conceda·

76 1317 163 1363 mus:
183 1300 278 1377 quibus
300 1318 349 1360 vos
371 1302 406 1362 de
428 1304 538 1363 summo
560 1304 638 1363 bono
658 1303 766 1363 testibus
787 1304 827 1362 uti
848 1303 949 1362 soletis.

77 1375 156 1451 Quid
171 1417 180 1444 ‚
200 1376 317 1435 fietiam
333 1378 425 1438 bestiae
440 1381 525 1441 multa
541 1380 662 1447 faciunt,
682 1380 753 1438 duce
766 1379 812 1437 sua
825 1397 947 1456 quaeque

74 1449 171 1512 natural
190 1495 198 1522 ,
218 1455 316 1528 partim
344 1456 518 1532 indulgenter
538 1456 584 1515 vel
605 1474 670 1515 cum
699 1456 815 1522 labore;
844 1453 895 1514 dut
916 1457 944 1513 in
955 1450 972 1529 ‚d
987 1453 1013 1504 in
1031 1455 1097 1519 253⁰·

71 1529 232 1609 gignendo,
252 1531 281 1589 in
295 1530 442 1591 educando
458 1533 585 1608 perfacile
606 1545 757 1609 appareat,
777 1532 849 1590 aliud
863 1531 943 1606 quid·
954 1532 979 1565 ¹¹¹
989 1516 1026 1567 ²⁶·
1041 1531 1065 1565 ¹¹1

72 1604 140 1664 dam
155 1607 186 1664 iis
201 1605 391 1682 propoiitum,
410 1626 469 1668 non
489 1608 687 1684 voluptatem?
717 1609 849 1684 ttpartim
866 1579 1094 1666 cursup⁰¹f‘L⁴'⁷¹⁶'

62 1680 106 1738 ·&
121 1684 338 1758 peregrinatione
353 1684 503 1755 laetantur,
522 1688 737 1761 congregatione
757 1685 817 1742 aliae
837 1688 944 1743 e'oetum

72 1758 199 1837 quodam
214 1758 303 1818 modo
318 1761 435 1821 civitatis
448 1763 600 1821 imitantur.

110 1834 248 1895 Videmus
256 1833 283 1889 38
290 1837 319 1895 in
333 1838 457 1912 quodam
472 1839 628 1897 volucrium
643 1854 744 1912 genere
758 1836 890 1896 nonnulla
904 1839 946 1897 in·
959 1850 1012 1895 110

70 1907 144 1969 dicia
165 1912 292 1995 pietatis,
317 1914 536 1989 cognitionem,
556 1916 748 1973 memoriam:
769 1915 834 1972 nin
855 1914 947 2000 multis

863 2001 948 2048 enam

73 2188 145 2238 luerit
152 2189 273 2256 attingere.
291 2193 405 2239 ceterum
415 2191 440 2239 δι
450 2190 498 2238 rnei
507 2188 629 2239 dquss.
637 2187 785 2238 consentiunt
797 2202 850 2236 cum
862 2189 946 2240 Palart.

72 2266 136 2318 quos
152 2254 299 2315 patetvelle,
315 2255 386 2318 quid?
399 2255 486 2314 proteri
496 2252 559 2316 potest
570 2256 615 2305 &u
632 2256 742 2301 Gronov.

104 2332 147 2371 37.
164 2320 303 2368 Turtures&
317 2318 380 2377 cursu
389 2318 588 2427 &peregrinatione
599 2319 717 2373 intantum]
738 2316 773 2364 Sic
784 2314 876 2378 aliquot
888 2316 945 2368 rull.

72 2393 133 2427 nam
143 2379 191 2428 duo
201 2385 284 2428 Cicures
295 2380 321 2432 n
333 2379 402 2439 cursu.
428 2379 457 2427 ed
468 2379 539 2427 lettio
549 2393 648 2445 utraque
664 2378 772 2427 morbida
784 2413 790 2433 ,
810 2378 827 2426 si
849 2380 947 2442 quidem

69 2442 190 2506 sequimur
202 2445 248 2492 Pal.
256 2458 289 2506 pr.
300 2444 319 2490 is
330 2443 395 2491 eninr
404 2439 482 2492 solinu
492 2442 577 2498 habet,
590 2446 672 2504 panim
682 2443 792 2502 cursatea
812 2442 884 2492 Aliud
895 2458 948 2492 cer·

70 2504 239 2570 tequidlaret,
255 2503 557 2570 quodinlmcfeilinarione
568 2506 617 2566 iam
630 2519 757 2561 nonemor
775 2516 814 2552 aut
825 2502 857 2554 fic
867 2508 947 2568 potios

68 2569 199 2633 legendum
216 2570 267 2618 erit.
290 2581 346 2617 narn
357 2567 416 2616 illud
427 2581 521 2616 currum
532 2568 587 2617 sane
602 2567 772 2642 inepritiimum
784 2567 824 2617 etl.
856 2566 959 2622 Gruter.'

68 2631 207 2681 Pmelrram
217 2633 289 2697 igitur
294 2630 380 2695 optimi
390 2631 487 2680 Palatini
498 2630 585 2680 codicis
594 2630 765 2682 restitutionem
772 2645 802 2679 ne
820 2632 868 2680 uiui
882 2647 895 2681 a
905 2648 947 2684 me

68 2695 214 2758 impetrare,
237 2708 262 2742 ut
273 2695 368 2743 ulterius
379 2696 465 2743 Cicero
476 2692 633 2752 defidcrareta
649 2707 786 2756 corruptam
798 2646 826 2743 Er
838 2695 865 2742 iis
878 2731 885 2750 ,
904 2698 945 2758 qui

69 2757 214 2822 ignorabant
234 2758 309 2821 quarn
325 2756 385 2806 beoc
398 2755 440 2807 tibi
456 2759 610 2808 convenirent
622 2764 656 2805 eu
670 2771 752 2820 parram
763 2758 789 2806 δι
799 2759 862 2813 aliu,
878 2757 947 2808 ideo·

70 2834 119 2882 que
133 2835 246 2869 mancum
260 2822 340 2870 locum
356 2816 474 2869 censentes
489 2819 513 2871 su
531 2822 623 2885 pletum
640 2824 732 2867 cultures
749 2821 774 2867 δι
790 2823 875 2868 cicures.
900 2822 945 2871 sed

70 2896 98 2994 rou
120 2882 173 2960 vide
194 2884 287 2934 illaec
313 2880 422 2933 Sallustio
444 2896 474 2935 ex
501 2837 703 2937 oisenniontbus
725 2881 829 2945 paternis
853 2896 899 2939 ιιι,
921 2903 944 2934 2.

95 2963 203 2997 ronovlm·

105 3018 142 3063 38.
159 3016 186 3057 Iu
196 3012 288 3071 quedam
298 3014 420 3058 volucrium
427 3026 518 3073 genere,
534 3012 592 3068 nu]
622 3009 658 3057 sic
669 3005 787 3056 edendum
802 3010 879 3056 curavi
891 3043 898 3064 ‚
914 3009 947 3059 li·

67 3072 117 3122 bric
127 3071 239 3123 omnibus
251 3073 346 3130 inritis,
359 3073 506 3138 Charifiique
517 3072 684 3122 auctoritatem
699 3070 787 3119 secutus
799 3104 806 3126 ‚
819 3072 860 3133 qui
870 3071 911 3123 lib.
924 3089 945 3124 1.

70 3135 205 3191 admonet,
222 3129 469 3186 Ciceronemlrb.11.
487 3136 516 3185 de
530 3138 582 3184 Fin.
600 3132 651 3183 usur
668 3130 733 3190 affe,
749 3135 889 3191 volucrium,
918 3138 943 3186 in

70 3199 148 3262 patrio
158 3197 216 3249 casu.
250 3199 328 3250 nullus
339 3212 419 3249 autem
429 3200 488 3250 alius
499 3201 564 3249 locus
575 3196 608 3246 est
617 3197 643 3246 in
651 3149 699 3245 Eoc
711 3196 785 3254 libro,
800 3197 882 3262 inquo
893 3201 942 3250 lraec

72 3275 121 3310 vox
132 3260 214 3325 scripta
223 3260 266 3320 iit,
285 3275 366 3326 praetcr
377 3264 447 3314 hunc.
481 3264 606 3309 Lambinus.

104 3341 142 3379 ³⁹.
159 3331 185 3371 ln
194 3329 270 3374 multis
281 3331 347 3373 etlam
358 3327 461 3388 defiderr'a
470 3327 591 3382 videmur]
607 3320 759 3373 Est'e'rusanl
770 3323 866 3381 codice,
881 3326 942 3375 item

66 3387 257 3447 Pall.omnibus;
271 3388 313 3437 etii
326 3406 376 3439 non
387 3405 473 3456 negem
480 3384 547 3452 poiie
558 3386 627 3447 abjici
636 3401 719 3437 vocem
731 3390 849 3438 ultimam.
867 3388 942 3436 hanc-

65 3466 113 3518 que
123 3451 200 3505 uiam
209 3450 318 3519 cxprcffit
328 3453 464 3520 scripturam
476 3450 603 3509 viltorluc.
620 3449 681 3501 olim
690 3450 737 3502 culi
743 3484 752 3513 ‚
765 3456 833 3517 urium
841 3451 943 3513 discipli·

376 3552 379 3559 ·
424 3529 429 3540 ·
482 3517 682 3584 Qantaru
904 3524 961 3559 utu
