<?xml version="1.0" encoding="UTF-8"?>
<!DOCTYPE html PUBLIC "-//W3C//DTD XHTML 1.0 Transitional//EN"
    "http://www.w3.org/TR/xhtml1/DTD/xhtml1-transitional.dtd">
<html xmlns="http://www.w3.org/1999/xhtml" xml:lang="en" lang="en">
 <head>
  <title>
</title>
<meta http-equiv="Content-Type" content="text/html;charset=utf-8" />
  <meta name='ocr-system' content='tesseract 3.04.00' />
  <meta name='ocr-capabilities' content='ocr_page ocr_carea ocr_par ocr_line ocrx_word'/>
</head>
<body>
  <div class='ocr_page' id='page_1' title='image "./marcitulliicice02pedigoog_0097.png"; bbox 0 0 2318 3914; ppageno 0'>
   <div class='ocr_carea' id='block_1_1' title="bbox 214 108 1013 210">
    <p class='ocr_par' dir='ltr' id='par_1_1' title="bbox 214 108 1013 210">
     <span class='ocr_line' id='line_1_1' title="bbox 214 108 1013 210; baseline 0.003 -21"><span class='ocrx_word' id='word_1_1' title='bbox 214 145 295 210; x_wconf 61' lang='lat'>230⁰</span> <span class='ocrx_word' id='word_1_2' title='bbox 384 126 590 188; x_wconf 78' lang='lat' dir='ltr'>Aeantem.</span> <span class='ocrx_word' id='word_1_3' title='bbox 619 120 933 204; x_wconf 78' lang='lat' dir='ltr'>Qunsrrouuit</span> <span class='ocrx_word' id='word_1_4' title='bbox 1010 108 1013 113; x_wconf 62' lang='grc'><strong>’</strong></span> 
     </span>
    </p>
   </div>
   <div class='ocr_carea' id='block_1_2' title="bbox 71 236 1097 846">
    <p class='ocr_par' dir='ltr' id='par_1_2' title="bbox 185 236 1092 375">
     <span class='ocr_line' id='line_1_2' title="bbox 185 236 1092 370; baseline 0.003 -71"><span class='ocrx_word' id='word_1_5' title='bbox 185 306 190 315; x_wconf 46' lang='grc'><em>,</em></span> <span class='ocrx_word' id='word_1_6' title='bbox 214 238 376 370; x_wconf 70' lang='lat' dir='ltr'>nerisdertor</span> <span class='ocrx_word' id='word_1_7' title='bbox 389 236 427 294; x_wconf 92' lang='lat' dir='ltr'>ita</span> <span class='ocrx_word' id='word_1_8' title='bbox 442 250 559 307; x_wconf 88' lang='lat' dir='ltr'>manat,</span> <span class='ocrx_word' id='word_1_9' title='bbox 586 247 616 295; x_wconf 90' lang='lat' dir='ltr'>ut</span> <span class='ocrx_word' id='word_1_10' title='bbox 630 255 689 297; x_wconf 92' lang='lat' dir='ltr'>non</span> <span class='ocrx_word' id='word_1_11' title='bbox 703 238 814 297; x_wconf 88' lang='lat' dir='ltr'>videam</span> <span class='ocrx_word' id='word_1_12' title='bbox 828 281 837 310; x_wconf 88' lang='lat'><strong>,</strong></span> <span class='ocrx_word' id='word_1_13' title='bbox 856 237 915 316; x_wconf 78' lang='lat' dir='ltr'>quo</span> <span class='ocrx_word' id='word_1_14' title='bbox 930 255 991 306; x_wconf 86' lang='lat' dir='ltr'>non</span> <span class='ocrx_word' id='word_1_15' title='bbox 1004 241 1092 317; x_wconf 73' lang='lat' dir='ltr'>pollii</span> 
     </span>
     <span class='ocr_line' id='line_1_3' title="bbox 217 331 507 375; baseline 0.01 -3"><span class='ocrx_word' id='word_1_16' title='bbox 217 332 283 372; x_wconf 90' lang='lat' dir='ltr'>acce</span> <span class='ocrx_word' id='word_1_17' title='bbox 304 331 357 373; x_wconf 90' lang='lat' dir='ltr'>ere.</span> <span class='ocrx_word' id='word_1_18' title='bbox 504 370 507 375; x_wconf 91' lang='lat'>.</span> 
     </span>
    </p>

    <p class='ocr_par' dir='ltr' id='par_1_3' title="bbox 172 387 1096 694">
     <span class='ocr_line' id='line_1_4' title="bbox 172 387 1095 474; baseline 0.003 -26"><span class='ocrx_word' id='word_1_19' title='bbox 172 420 209 474; x_wconf 86' lang='lat'>94</span> <span class='ocrx_word' id='word_1_20' title='bbox 258 390 334 448; x_wconf 86' lang='lat' dir='ltr'>Nihil</span> <span class='ocrx_word' id='word_1_21' title='bbox 350 407 396 447; x_wconf 94' lang='lat' dir='ltr'>me</span> <span class='ocrx_word' id='word_1_22' title='bbox 409 387 502 458; x_wconf 85' lang='lat' dir='ltr'>laedit,</span> <span class='ocrx_word' id='word_1_23' title='bbox 520 390 619 464; x_wconf 90' lang='lat' dir='ltr'>inquit.</span> <span class='ocrx_word' id='word_1_24' title='bbox 657 408 710 466; x_wconf 84' lang='lat' dir='ltr'>ego</span> <span class='ocrx_word' id='word_1_25' title='bbox 726 393 821 462; x_wconf 88' lang='lat' dir='ltr'>enim,</span> <span class='ocrx_word' id='word_1_26' title='bbox 839 400 871 449; x_wconf 90' lang='lat' dir='ltr'>ut</span> <span class='ocrx_word' id='word_1_27' title='bbox 883 391 1001 466; x_wconf 81' lang='lat' dir='ltr'>agitator</span> <span class='ocrx_word' id='word_1_28' title='bbox 1015 390 1095 451; x_wconf 84' lang='lat' dir='ltr'>ealli-</span> 
     </span>
     <span class='ocr_line' id='line_1_5' title="bbox 220 465 1094 544; baseline 0.003 -20"><span class='ocrx_word' id='word_1_29' title='bbox 220 466 287 534; x_wconf 85' lang='lat' dir='ltr'>dus,</span> <span class='ocrx_word' id='word_1_30' title='bbox 307 465 481 541; x_wconf 74' lang='lat' dir='ltr'>priusquam</span> <span class='ocrx_word' id='word_1_31' title='bbox 504 465 538 523; x_wconf 88' lang='lat' dir='ltr'>ad</span> <span class='ocrx_word' id='word_1_32' title='bbox 559 465 644 524; x_wconf 88' lang='lat' dir='ltr'><strong>finem</strong></span> <span class='ocrx_word' id='word_1_33' title='bbox 665 468 801 536; x_wconf 87' lang='lat' dir='ltr'>veniam,</span> <span class='ocrx_word' id='word_1_34' title='bbox 828 485 915 544; x_wconf 81' lang='lat' dir='ltr'>equos</span> <span class='ocrx_word' id='word_1_35' title='bbox 933 467 1094 527; x_wconf 80' lang='lat' dir='ltr'>sustinebo:</span> 
     </span>
     <span class='ocr_line' id='line_1_6' title="bbox 221 541 1096 619; baseline 0.002 -20"><span class='ocrx_word' id='word_1_36' title='bbox 221 561 313 618; x_wconf 90' lang='lat' dir='ltr'>eoque</span> <span class='ocrx_word' id='word_1_37' title='bbox 329 543 430 616; x_wconf 77' lang='lat' dir='ltr'>magis,</span> <span class='ocrx_word' id='word_1_38' title='bbox 450 541 560 600; x_wconf 90' lang='lat' dir='ltr'>filocus</span> <span class='ocrx_word' id='word_1_39' title='bbox 572 543 616 610; x_wconf 85' lang='lat' dir='ltr'>is,</span> <span class='ocrx_word' id='word_1_40' title='bbox 636 542 693 617; x_wconf 83' lang='lat' dir='ltr'>quo</span> <span class='ocrx_word' id='word_1_41' title='bbox 715 544 836 603; x_wconf 89' lang='lat' dir='ltr'>serentur</span> <span class='ocrx_word' id='word_1_42' title='bbox 856 543 944 618; x_wconf 89' lang='lat' dir='ltr'>equi,</span> <span class='ocrx_word' id='word_1_43' title='bbox 963 550 1096 619; x_wconf 77' lang='lat' dir='ltr'>praeceps</span> 
     </span>
     <span class='ocr_line' id='line_1_7' title="bbox 222 617 1095 694; baseline 0.002 -18"><span class='ocrx_word' id='word_1_44' title='bbox 222 620 279 676; x_wconf 87' lang='lat' dir='ltr'>erit.</span> <span class='ocrx_word' id='word_1_45' title='bbox 299 617 335 677; x_wconf 84' lang='lat' dir='ltr'>sie</span> <span class='ocrx_word' id='word_1_46' title='bbox 350 634 415 685; x_wconf 89' lang='lat' dir='ltr'>me,</span> <span class='ocrx_word' id='word_1_47' title='bbox 436 618 542 690; x_wconf 90' lang='lat' dir='ltr'>inquit,</span> <span class='ocrx_word' id='word_1_48' title='bbox 563 619 626 676; x_wconf 77' lang='lat' dir='ltr'>ante</span> <span class='ocrx_word' id='word_1_49' title='bbox 641 618 790 687; x_wconf 89' lang='lat' dir='ltr'>sustinebo,</span> <span class='ocrx_word' id='word_1_50' title='bbox 802 632 854 677; x_wconf 88' lang='lat' dir='ltr'>nee</span> <span class='ocrx_word' id='word_1_51' title='bbox 869 619 967 677; x_wconf 84' lang='lat' dir='ltr'>diutiirs</span> <span class='ocrx_word' id='word_1_52' title='bbox 981 621 1095 694; x_wconf 89' lang='lat' dir='ltr'>captio-</span> 
     </span>
    </p>

    <p class='ocr_par' dir='ltr' id='par_1_4' title="bbox 71 690 1097 846">
     <span class='ocr_line' id='line_1_8' title="bbox 71 690 1095 770; baseline 0.003 -20"><span class='ocrx_word' id='word_1_53' title='bbox 71 699 87 750; x_wconf 89' lang='lat' dir='ltr'>h</span> <span class='ocrx_word' id='word_1_54' title='bbox 104 695 197 770; x_wconf 77' lang='lat' dir='ltr'>respon·</span> <span class='ocrx_word' id='word_1_55' title='bbox 222 692 249 752; x_wconf 83' lang='lat' dir='ltr'>se</span> <span class='ocrx_word' id='word_1_56' title='bbox 264 694 443 767; x_wconf 79' lang='lat' dir='ltr'>interroganti</span> <span class='ocrx_word' id='word_1_57' title='bbox 455 690 640 766; x_wconf 77' lang='lat' dir='ltr'>hrespondeo.</span> <span class='ocrx_word' id='word_1_58' title='bbox 682 692 708 734; x_wconf 77' lang='lat'>¹⁸</span> <span class='ocrx_word' id='word_1_59' title='bbox 718 696 745 752; x_wconf 90' lang='lat' dir='ltr'>Si</span> <span class='ocrx_word' id='word_1_60' title='bbox 757 694 855 764; x_wconf 88' lang='lat' dir='ltr'>habes,</span> <span class='ocrx_word' id='word_1_61' title='bbox 875 694 952 770; x_wconf 87' lang='lat' dir='ltr'>quod</span> <span class='ocrx_word' id='word_1_62' title='bbox 965 695 1095 769; x_wconf 84' lang='lat' dir='ltr'>liqueat,</span> 
     </span>
     <span class='ocr_line' id='line_1_9' title="bbox 73 761 1097 846; baseline 0.003 -18"><span class='ocrx_word' id='word_1_63' title='bbox 73 761 190 809; x_wconf 70' lang='lat' dir='ltr'>d²b⁰““¹&#39;·</span> <span class='ocrx_word' id='word_1_64' title='bbox 224 789 315 846; x_wconf 88' lang='lat' dir='ltr'>neque</span> <span class='ocrx_word' id='word_1_65' title='bbox 331 768 491 844; x_wconf 81' lang='lat' dir='ltr'><strong>respondes,</strong></span> <span class='ocrx_word' id='word_1_66' title='bbox 507 767 642 843; x_wconf 86' lang='lat' dir='ltr'>isuperbis.</span> <span class='ocrx_word' id='word_1_67' title='bbox 662 769 754 829; x_wconf 88' lang='lat' dir='ltr'>finon</span> <span class='ocrx_word' id='word_1_68' title='bbox 768 772 867 841; x_wconf 89' lang='lat' dir='ltr'>habes,</span> <span class='ocrx_word' id='word_1_69' title='bbox 887 788 922 828; x_wconf 89' lang='lat' dir='ltr'>ne</span> <span class='ocrx_word' id='word_1_70' title='bbox 935 783 967 828; x_wconf 88' lang='lat' dir='ltr'>tu</span> <span class='ocrx_word' id='word_1_71' title='bbox 974 770 1097 846; x_wconf 81' lang='lat' dir='ltr'>quidem</span> 
     </span>
    </p>
   </div>
   <div class='ocr_carea' id='block_1_3' title="bbox 13 821 183 872">
    <p class='ocr_par' dir='ltr' id='par_1_5' title="bbox 13 821 183 872">
     <span class='ocr_line' id='line_1_10' title="bbox 13 821 183 872; baseline 0.012 -6"><span class='ocrx_word' id='word_1_72' title='bbox 13 828 22 865; x_wconf 72' lang='grc'>’.</span> <span class='ocrx_word' id='word_1_73' title='bbox 72 826 83 872; x_wconf 73' lang='lat' dir='ltr'>i</span> <span class='ocrx_word' id='word_1_74' title='bbox 97 828 139 867; x_wconf 70' lang='lat' dir='ltr'>alii</span> <span class='ocrx_word' id='word_1_75' title='bbox 151 821 183 868; x_wconf 82' lang='lat' dir='ltr'>sll-</span> 
     </span>
    </p>
   </div>
   <div class='ocr_carea' id='block_1_4' title="bbox 14 842 1141 2518">
    <p class='ocr_par' dir='ltr' id='par_1_6' title="bbox 91 842 1098 933">
     <span class='ocr_line' id='line_1_11' title="bbox 91 842 1098 933; baseline 0.002 -29"><span class='ocrx_word' id='word_1_76' title='bbox 91 886 144 933; x_wconf 37' lang='grc' dir='ltr'>ὡς</span> <span class='ocrx_word' id='word_1_77' title='bbox 162 888 204 931; x_wconf 61' lang='lat' dir='ltr'>MS</span> <span class='ocrx_word' id='word_1_78' title='bbox 225 847 356 922; x_wconf 84' lang='lat' dir='ltr'>perspicis.</span> <span class='ocrx_word' id='word_1_79' title='bbox 394 846 437 913; x_wconf 84' lang='lat' dir='ltr'>si,</span> <span class='ocrx_word' id='word_1_80' title='bbox 457 845 520 919; x_wconf 89' lang='lat' dir='ltr'>quia</span> <span class='ocrx_word' id='word_1_81' title='bbox 543 842 676 916; x_wconf 87' lang='lat' dir='ltr'>obscura,</span> <span class='ocrx_word' id='word_1_82' title='bbox 701 846 839 906; x_wconf 85' lang='lat' dir='ltr'>concedo.</span> <span class='ocrx_word' id='word_1_83' title='bbox 879 846 924 905; x_wconf 92' lang='lat' dir='ltr'>sed</span> <span class='ocrx_word' id='word_1_84' title='bbox 951 863 1040 921; x_wconf 85' lang='lat' dir='ltr'>negas</span> <span class='ocrx_word' id='word_1_85' title='bbox 1068 860 1098 906; x_wconf 87' lang='lat' dir='ltr'>te</span> 
     </span>
    </p>

    <p class='ocr_par' dir='ltr' id='par_1_7' title="bbox 74 903 1099 1012">
     <span class='ocr_line' id='line_1_12' title="bbox 74 903 1099 1012; baseline 0.002 -33"><span class='ocrx_word' id='word_1_86' title='bbox 74 903 171 1012; x_wconf 49' lang='lat' dir='ltr'>fpsscffip</span> <span class='ocrx_word' id='word_1_87' title='bbox 206 922 309 999; x_wconf 84' lang='lat' dir='ltr'>&#39;usque</span> <span class='ocrx_word' id='word_1_88' title='bbox 328 923 364 980; x_wconf 90' lang='lat' dir='ltr'>ad</span> <span class='ocrx_word' id='word_1_89' title='bbox 385 921 496 980; x_wconf 88' lang='lat' dir='ltr'>obseura</span> <span class='ocrx_word' id='word_1_90' title='bbox 518 922 653 994; x_wconf 83' lang='lat' dir='ltr'><strong>progredi.</strong></span> <span class='ocrx_word' id='word_1_91' title='bbox 690 922 829 981; x_wconf 85' lang='lat' dir='ltr'>illustribus</span> <span class='ocrx_word' id='word_1_92' title='bbox 849 924 930 997; x_wconf 85' lang='lat' dir='ltr'>igitur</span> <span class='ocrx_word' id='word_1_93' title='bbox 951 922 1035 980; x_wconf 86' lang='lat' dir='ltr'>rebus</span> <span class='ocrx_word' id='word_1_94' title='bbox 1054 923 1099 981; x_wconf 89' lang='lat' dir='ltr'>in·</span> 
     </span>
    </p>

    <p class='ocr_par' dir='ltr' id='par_1_8' title="bbox 226 994 1100 1074">
     <span class='ocr_line' id='line_1_13' title="bbox 226 994 1100 1074; baseline 0.001 -17"><span class='ocrx_word' id='word_1_95' title='bbox 226 999 296 1057; x_wconf 79' lang='lat' dir='ltr'>filiis.</span> <span class='ocrx_word' id='word_1_96' title='bbox 335 998 354 1056; x_wconf 89' lang='lat' dir='ltr'>sr</span> <span class='ocrx_word' id='word_1_97' title='bbox 375 998 403 1055; x_wconf 93' lang='lat' dir='ltr'>id</span> <span class='ocrx_word' id='word_1_98' title='bbox 423 997 644 1068; x_wconf 81' lang='lat' dir='ltr'>tantummodo,</span> <span class='ocrx_word' id='word_1_99' title='bbox 670 1009 700 1056; x_wconf 88' lang='lat' dir='ltr'>ut</span> <span class='ocrx_word' id='word_1_100' title='bbox 720 1010 832 1066; x_wconf 82' lang='lat' dir='ltr'>taceas,</span> <span class='ocrx_word' id='word_1_101' title='bbox 859 998 926 1056; x_wconf 88' lang='lat' dir='ltr'>nihil</span> <span class='ocrx_word' id='word_1_102' title='bbox 940 994 1100 1074; x_wconf 81' lang='lat' dir='ltr'>assequeris.</span> 
     </span>
    </p>

    <p class='ocr_par' dir='ltr' id='par_1_9' title="bbox 227 1072 1100 1151">
     <span class='ocr_line' id='line_1_14' title="bbox 227 1072 1100 1151; baseline 0.002 -20"><span class='ocrx_word' id='word_1_103' title='bbox 227 1075 294 1151; x_wconf 92' lang='lat' dir='ltr'>quid</span> <span class='ocrx_word' id='word_1_104' title='bbox 309 1075 382 1132; x_wconf 87' lang='lat' dir='ltr'>enim</span> <span class='ocrx_word' id='word_1_105' title='bbox 398 1072 432 1130; x_wconf 89' lang='lat' dir='ltr'>ad</span> <span class='ocrx_word' id='word_1_106' title='bbox 446 1072 541 1140; x_wconf 83' lang='lat' dir='ltr'>illurn,</span> <span class='ocrx_word' id='word_1_107' title='bbox 560 1076 650 1148; x_wconf 89' lang='lat' dir='ltr'>quite</span> <span class='ocrx_word' id='word_1_108' title='bbox 665 1086 771 1147; x_wconf 84' lang='lat' dir='ltr'>captare</span> <span class='ocrx_word' id='word_1_109' title='bbox 788 1076 845 1132; x_wconf 88' lang='lat' dir='ltr'>vult</span> <span class='ocrx_word' id='word_1_110' title='bbox 864 1117 873 1142; x_wconf 92' lang='lat'>,</span> <span class='ocrx_word' id='word_1_111' title='bbox 893 1072 984 1132; x_wconf 82' lang='lat' dir='ltr'>utrum</span> <span class='ocrx_word' id='word_1_112' title='bbox 1000 1085 1100 1142; x_wconf 59' lang='lat' dir='ltr'>tacene</span> 
     </span>
    </p>

    <p class='ocr_par' dir='ltr' id='par_1_10' title="bbox 227 1148 1103 1225">
     <span class='ocr_line' id='line_1_15' title="bbox 227 1148 1103 1225; baseline 0.001 -17"><span class='ocrx_word' id='word_1_113' title='bbox 227 1163 287 1209; x_wconf 89' lang='lat' dir='ltr'>tem</span> <span class='ocrx_word' id='word_1_114' title='bbox 302 1152 401 1208; x_wconf 83' lang='lat' dir='ltr'>irretiat</span> <span class='ocrx_word' id='word_1_115' title='bbox 414 1162 459 1216; x_wconf 87' lang='lat' dir='ltr'>te,</span> <span class='ocrx_word' id='word_1_116' title='bbox 480 1166 514 1206; x_wconf 88' lang='lat' dir='ltr'>an</span> <span class='ocrx_word' id='word_1_117' title='bbox 527 1148 711 1223; x_wconf 81' lang='lat' dir='ltr'>loquentem?</span> <span class='ocrx_word' id='word_1_118' title='bbox 730 1148 769 1207; x_wconf 84' lang='lat' dir='ltr'>sm</span> <span class='ocrx_word' id='word_1_119' title='bbox 785 1163 879 1208; x_wconf 90' lang='lat' dir='ltr'>autem</span> <span class='ocrx_word' id='word_1_120' title='bbox 893 1148 1032 1225; x_wconf 60' lang='lat' dir='ltr'>usquead</span> <span class='ocrx_word' id='word_1_121' title='bbox 1047 1168 1103 1209; x_wconf 84' lang='lat' dir='ltr'>no·</span> 
     </span>
    </p>

    <p class='ocr_par' dir='ltr' id='par_1_11' title="bbox 230 1225 1103 1300">
     <span class='ocr_line' id='line_1_16' title="bbox 230 1225 1103 1300; baseline 0.001 -16"><span class='ocrx_word' id='word_1_122' title='bbox 230 1244 322 1296; x_wconf 89' lang='lat' dir='ltr'>vem,</span> <span class='ocrx_word' id='word_1_123' title='bbox 343 1225 418 1284; x_wconf 88' lang='lat' dir='ltr'>verbi</span> <span class='ocrx_word' id='word_1_124' title='bbox 431 1226 537 1297; x_wconf 83' lang='lat' dir='ltr'>gratia,</span> <span class='ocrx_word' id='word_1_125' title='bbox 570 1225 626 1284; x_wconf 90' lang='lat' dir='ltr'>sme</span> <span class='ocrx_word' id='word_1_126' title='bbox 647 1226 816 1285; x_wconf 84' lang='lat' dir='ltr'>dubitatione</span> <span class='ocrx_word' id='word_1_127' title='bbox 837 1225 982 1299; x_wconf 84' lang='lat' dir='ltr'>respondes</span> <span class='ocrx_word' id='word_1_128' title='bbox 1011 1242 1103 1300; x_wconf 80' lang='lat' dir='ltr'>pauca</span> 
     </span>
    </p>

    <p class='ocr_par' dir='ltr' id='par_1_12' title="bbox 233 1299 1104 1369">
     <span class='ocr_line' id='line_1_17' title="bbox 233 1299 1104 1369; baseline 0.002 -10"><span class='ocrx_word' id='word_1_129' title='bbox 233 1300 304 1369; x_wconf 81' lang='lat' dir='ltr'>elle,</span> <span class='ocrx_word' id='word_1_130' title='bbox 323 1303 352 1360; x_wconf 93' lang='lat' dir='ltr'>in</span> <span class='ocrx_word' id='word_1_131' title='bbox 367 1301 477 1359; x_wconf 88' lang='lat' dir='ltr'>decimo</span> <span class='ocrx_word' id='word_1_132' title='bbox 492 1299 598 1359; x_wconf 85' lang='lat' dir='ltr'>insistis:</span> <span class='ocrx_word' id='word_1_133' title='bbox 638 1304 720 1360; x_wconf 78' lang='lat' dir='ltr'>etiam·</span> <span class='ocrx_word' id='word_1_134' title='bbox 735 1301 751 1359; x_wconf 74' lang='lat' dir='ltr'>i</span> <span class='ocrx_word' id='word_1_135' title='bbox 766 1303 844 1360; x_wconf 85' lang='lat' dir='ltr'>certis</span> <span class='ocrx_word' id='word_1_136' title='bbox 864 1306 893 1359; x_wconf 89' lang='lat'>&amp;</span> <span class='ocrx_word' id='word_1_137' title='bbox 914 1300 1104 1361; x_wconf 79' lang='lat' dir='ltr'>illustrioribus</span> 
     </span>
    </p>

    <p class='ocr_par' dir='ltr' id='par_1_13' title="bbox 147 1374 1105 1437">
     <span class='ocr_line' id='line_1_18' title="bbox 147 1374 1105 1437; baseline 0.002 -2"><span class='ocrx_word' id='word_1_138' title='bbox 147 1396 156 1411; x_wconf 93' lang='lat'><strong>·</strong></span> <span class='ocrx_word' id='word_1_139' title='bbox 234 1379 344 1436; x_wconf 89' lang='lat' dir='ltr'>cohibes</span> <span class='ocrx_word' id='word_1_140' title='bbox 359 1374 489 1434; x_wconf 81' lang='lat' dir='ltr'>assensum</span> <span class='ocrx_word' id='word_1_141' title='bbox 506 1396 512 1433; x_wconf 91' lang='lat'>:</span> <span class='ocrx_word' id='word_1_142' title='bbox 533 1378 588 1434; x_wconf 87' lang='lat' dir='ltr'>hoc</span> <span class='ocrx_word' id='word_1_143' title='bbox 601 1377 676 1436; x_wconf 90' lang='lat' dir='ltr'>idem</span> <span class='ocrx_word' id='word_1_144' title='bbox 691 1395 737 1435; x_wconf 92' lang='lat' dir='ltr'>me</span> <span class='ocrx_word' id='word_1_145' title='bbox 751 1379 780 1435; x_wconf 89' lang='lat' dir='ltr'>in</span> <span class='ocrx_word' id='word_1_146' title='bbox 794 1378 910 1437; x_wconf 83' lang='lat' dir='ltr'>obscuris</span> <span class='ocrx_word' id='word_1_147' title='bbox 923 1377 1019 1435; x_wconf 87' lang='lat' dir='ltr'>facere</span> <span class='ocrx_word' id='word_1_148' title='bbox 1043 1395 1105 1437; x_wconf 86' lang='lat' dir='ltr'>non</span> 
     </span>
    </p>

    <p class='ocr_par' dir='ltr' id='par_1_14' title="bbox 233 1450 1105 1530">
     <span class='ocr_line' id='line_1_19' title="bbox 233 1450 1105 1530; baseline -0.001 -18"><span class='ocrx_word' id='word_1_149' title='bbox 233 1453 303 1512; x_wconf 71' lang='lat' dir='ltr'>smis,</span> <span class='ocrx_word' id='word_1_150' title='bbox 317 1454 382 1512; x_wconf 90' lang='lat' dir='ltr'>nihil</span> <span class='ocrx_word' id='word_1_151' title='bbox 395 1454 475 1527; x_wconf 86' lang='lat' dir='ltr'>igitur</span> <span class='ocrx_word' id='word_1_152' title='bbox 488 1464 515 1509; x_wconf 90' lang='lat' dir='ltr'>te</span> <span class='ocrx_word' id='word_1_153' title='bbox 529 1466 624 1510; x_wconf 88' lang='lat' dir='ltr'>contra</span> <span class='ocrx_word' id='word_1_154' title='bbox 637 1453 729 1511; x_wconf 88' lang='lat' dir='ltr'>soritas</span> <span class='ocrx_word' id='word_1_155' title='bbox 743 1471 783 1510; x_wconf 81' lang='lat' dir='ltr'>art</span> <span class='ocrx_word' id='word_1_156' title='bbox 795 1455 842 1514; x_wconf 87' lang='lat' dir='ltr'>isla</span> <span class='ocrx_word' id='word_1_157' title='bbox 855 1450 981 1528; x_wconf 72' lang='lat' dir='ltr'>adjurat:</span> <span class='ocrx_word' id='word_1_158' title='bbox 992 1462 1105 1530; x_wconf 59' lang='lat' dir='ltr'>taqua</span> 
     </span>
    </p>

    <p class='ocr_par' dir='ltr' id='par_1_15' title="bbox 235 1528 1107 1606">
     <span class='ocr_line' id='line_1_20' title="bbox 235 1528 1107 1606; baseline 0.001 -19"><span class='ocrx_word' id='word_1_159' title='bbox 235 1547 288 1588; x_wconf 91' lang='lat' dir='ltr'>nec</span> <span class='ocrx_word' id='word_1_160' title='bbox 302 1528 435 1605; x_wconf 87' lang='lat' dir='ltr'>augendi,</span> <span class='ocrx_word' id='word_1_161' title='bbox 455 1545 507 1586; x_wconf 91' lang='lat' dir='ltr'>nec</span> <span class='ocrx_word' id='word_1_162' title='bbox 522 1528 684 1599; x_wconf 84' lang='lat' dir='ltr'>minuendi,&#39;</span> <span class='ocrx_word' id='word_1_163' title='bbox 702 1529 769 1606; x_wconf 90' lang='lat' dir='ltr'>quid</span> <span class='ocrx_word' id='word_1_164' title='bbox 782 1542 829 1588; x_wconf 87' lang='lat' dir='ltr'>aut</span> <span class='ocrx_word' id='word_1_165' title='bbox 842 1531 962 1606; x_wconf 89' lang='lat' dir='ltr'>primum</span> <span class='ocrx_word' id='word_1_166' title='bbox 977 1528 1013 1588; x_wconf 88' lang='lat' dir='ltr'>lit</span> <span class='ocrx_word' id='word_1_167' title='bbox 1029 1571 1039 1600; x_wconf 93' lang='lat'>,</span> <span class='ocrx_word' id='word_1_168' title='bbox 1059 1540 1107 1589; x_wconf 83' lang='lat' dir='ltr'>aur</span> 
     </span>
    </p>

    <p class='ocr_par' dir='ltr' id='par_1_16' title="bbox 235 1603 533 1680">
     <span class='ocr_line' id='line_1_21' title="bbox 235 1603 533 1680; baseline -0.01 -17"><span class='ocrx_word' id='word_1_169' title='bbox 235 1605 422 1680; x_wconf 83' lang='lat' dir='ltr'>postremum,</span> <span class='ocrx_word' id='word_1_170' title='bbox 442 1603 533 1662; x_wconf 87' lang='lat' dir='ltr'>docet.</span> 
     </span>
    </p>

    <p class='ocr_par' dir='ltr' id='par_1_17' title="bbox 187 1679 1108 1757">
     <span class='ocr_line' id='line_1_22' title="bbox 187 1679 1108 1757; baseline 0.004 -19"><span class='ocrx_word' id='word_1_171' title='bbox 187 1697 222 1753; x_wconf 82' lang='lat'>95</span> <span class='ocrx_word' id='word_1_172' title='bbox 273 1682 368 1757; x_wconf 90' lang='lat' dir='ltr'>Quid,</span> <span class='ocrx_word' id='word_1_173' title='bbox 388 1680 464 1757; x_wconf 87' lang='lat' dir='ltr'>qubd</span> <span class='ocrx_word' id='word_1_174' title='bbox 487 1680 584 1738; x_wconf 88' lang='lat' dir='ltr'>eadem</span> <span class='ocrx_word' id='word_1_175' title='bbox 606 1679 650 1738; x_wconf 89' lang='lat' dir='ltr'>illa</span> <span class='ocrx_word' id='word_1_176' title='bbox 671 1698 711 1739; x_wconf 88' lang='lat' dir='ltr'>ars</span> <span class='ocrx_word' id='word_1_177' title='bbox 736 1680 812 1757; x_wconf 85' lang='lat' dir='ltr'>quasi</span> <span class='ocrx_word' id='word_1_178' title='bbox 837 1680 992 1756; x_wconf 61' lang='lat' dir='ltr'>‚Penelopae</span> <span class='ocrx_word' id='word_1_179' title='bbox 1021 1681 1108 1742; x_wconf 89' lang='lat' dir='ltr'>telam</span> 
     </span>
    </p>

    <p class='ocr_par' dir='ltr' id='par_1_18' title="bbox 234 1754 1108 1831">
     <span class='ocr_line' id='line_1_23' title="bbox 234 1754 1108 1831; baseline 0.005 -18"><span class='ocrx_word' id='word_1_180' title='bbox 234 1769 375 1825; x_wconf 82' lang='lat' dir='ltr'>retexens,</span> <span class='ocrx_word' id='word_1_181' title='bbox 394 1756 464 1815; x_wconf 87' lang='lat' dir='ltr'>tollit</span> <span class='ocrx_word' id='word_1_182' title='bbox 477 1754 511 1813; x_wconf 87' lang='lat' dir='ltr'>ad</span> <span class='ocrx_word' id='word_1_183' title='bbox 524 1769 680 1814; x_wconf 79' lang='lat' dir='ltr'>extremum</span> <span class='ocrx_word' id='word_1_184' title='bbox 693 1757 829 1831; x_wconf 83' lang='lat' dir='ltr'>superiora</span> <span class='ocrx_word' id='word_1_185' title='bbox 840 1756 949 1815; x_wconf 84' lang='lat' dir='ltr'>?utriim</span> <span class='ocrx_word' id='word_1_186' title='bbox 965 1776 1000 1816; x_wconf 91' lang='lat' dir='ltr'>ea</span> <span class='ocrx_word' id='word_1_187' title='bbox 1008 1760 1108 1831; x_wconf 72' lang='lat' dir='ltr'>uestra,</span> 
     </span>
    </p>

    <p class='ocr_par' dir='ltr' id='par_1_19' title="bbox 205 1831 1107 1906">
     <span class='ocr_line' id='line_1_24' title="bbox 205 1831 1107 1906; baseline 0.002 -15"><span class='ocrx_word' id='word_1_188' title='bbox 205 1838 208 1843; x_wconf 82' lang='lat'>&#39;</span> <span class='ocrx_word' id='word_1_189' title='bbox 234 1852 270 1893; x_wconf 88' lang='lat' dir='ltr'>an</span> <span class='ocrx_word' id='word_1_190' title='bbox 285 1834 374 1891; x_wconf 86' lang='lat' dir='ltr'>noslra</span> <span class='ocrx_word' id='word_1_191' title='bbox 388 1831 530 1906; x_wconf 87' lang='lat' dir='ltr'>culpaesl?</span> <span class='ocrx_word' id='word_1_192' title='bbox 551 1850 653 1906; x_wconf 84' lang='lat' dir='ltr'><strong>nempe</strong></span> <span class='ocrx_word' id='word_1_193' title='bbox 667 1835 879 1893; x_wconf 86' lang='lat' dir='ltr'>fundamentum</span> <span class='ocrx_word' id='word_1_194' title='bbox 894 1832 1107 1903; x_wconf 67' lang='lat' dir='ltr'>dialecticam,</span> 
     </span>
    </p>

    <p class='ocr_par' dir='ltr' id='par_1_20' title="bbox 236 1904 1107 1986">
     <span class='ocr_line' id='line_1_25' title="bbox 236 1904 1107 1986; baseline 0.008 -22"><span class='ocrx_word' id='word_1_195' title='bbox 236 1904 372 1985; x_wconf 87' lang='lat' dir='ltr'>quidquid</span> <span class='ocrx_word' id='word_1_196' title='bbox 385 1909 540 1967; x_wconf 83' lang='lat' dir='ltr'>enuntietur</span> <span class='ocrx_word' id='word_1_197' title='bbox 560 1909 600 1982; x_wconf 88' lang='lat' dir='ltr'>(id</span> <span class='ocrx_word' id='word_1_198' title='bbox 614 1925 707 1967; x_wconf 88' lang='lat' dir='ltr'>autem</span> <span class='ocrx_word' id='word_1_199' title='bbox 720 1910 866 1984; x_wconf 88' lang='lat' dir='ltr'>appellatur</span> <span class='ocrx_word' id='word_1_200' title='bbox 881 1908 1006 1980; x_wconf 74' lang='grc' dir='ltr'>ἀξίωμαε</span> <span class='ocrx_word' id='word_1_201' title='bbox 1028 1909 1107 1986; x_wconf 78' lang='lat' dir='ltr'>quod</span> 
     </span>
    </p>

    <p class='ocr_par' dir='ltr' id='par_1_21' title="bbox 101 1983 1105 2074">
     <span class='ocr_line' id='line_1_26' title="bbox 101 1983 1105 2074; baseline 0.009 -37"><span class='ocrx_word' id='word_1_202' title='bbox 101 1993 125 2038; x_wconf 83' lang='lat' dir='ltr'>r.</span> <span class='ocrx_word' id='word_1_203' title='bbox 142 1984 278 2045; x_wconf 75' lang='lat' dir='ltr'>xxiv.,est</span> <span class='ocrx_word' id='word_1_204' title='bbox 293 1985 368 2061; x_wconf 84' lang='lat' dir='ltr'>quasi</span> <span class='ocrx_word' id='word_1_205' title='bbox 382 1983 508 2057; x_wconf 78' lang='lat' dir='ltr'>effatum)</span> <span class='ocrx_word' id='word_1_206' title='bbox 527 1997 573 2041; x_wconf 90' lang='lat' dir='ltr'>aut</span> <span class='ocrx_word' id='word_1_207' title='bbox 588 2002 684 2057; x_wconf 82' lang='lat' dir='ltr'>verum</span> <span class='ocrx_word' id='word_1_208' title='bbox 699 1983 768 2053; x_wconf 86' lang='lat' dir='ltr'>esse,</span> <span class='ocrx_word' id='word_1_209' title='bbox 788 1999 834 2044; x_wconf 87' lang='lat' dir='ltr'>aut</span> <span class='ocrx_word' id='word_1_210' title='bbox 849 1985 951 2057; x_wconf 82' lang='lat' dir='ltr'>salsum.</span> <span class='ocrx_word' id='word_1_211' title='bbox 971 1985 1044 2062; x_wconf 89' lang='lat' dir='ltr'>quid</span> <span class='ocrx_word' id='word_1_212' title='bbox 1057 1986 1105 2074; x_wconf 70' lang='lat' dir='ltr'>igi-</span> 
     </span>
    </p>

    <p class='ocr_par' dir='ltr' id='par_1_22' title="bbox 238 2060 1141 2135">
     <span class='ocr_line' id='line_1_27' title="bbox 238 2060 1141 2135; baseline 0.002 -15"><span class='ocrx_word' id='word_1_213' title='bbox 238 2061 307 2120; x_wconf 81' lang='lat' dir='ltr'>tur?</span> <span class='ocrx_word' id='word_1_214' title='bbox 328 2062 388 2118; x_wconf 86' lang='lat' dir='ltr'>haec</span> <span class='ocrx_word' id='word_1_215' title='bbox 403 2077 483 2125; x_wconf 90' lang='lat' dir='ltr'>vera,</span> <span class='ocrx_word' id='word_1_216' title='bbox 505 2078 540 2117; x_wconf 84' lang='lat' dir='ltr'>un</span> <span class='ocrx_word' id='word_1_217' title='bbox 555 2060 615 2117; x_wconf 86' lang='lat' dir='ltr'>falsa</span> <span class='ocrx_word' id='word_1_218' title='bbox 631 2060 717 2120; x_wconf 85' lang='lat' dir='ltr'>sunt?</span> <span class='ocrx_word' id='word_1_219' title='bbox 745 2062 771 2121; x_wconf 90' lang='lat' dir='ltr'>Si</span> <span class='ocrx_word' id='word_1_220' title='bbox 785 2074 813 2120; x_wconf 87' lang='lat' dir='ltr'>te</span> <span class='ocrx_word' id='word_1_221' title='bbox 828 2062 938 2121; x_wconf 88' lang='lat' dir='ltr'>mentiri</span> <span class='ocrx_word' id='word_1_222' title='bbox 952 2061 1046 2121; x_wconf 82' lang='lat' dir='ltr'>dicis:</span> <span class='ocrx_word' id='word_1_223' title='bbox 1066 2060 1106 2121; x_wconf 87' lang='lat' dir='ltr'>td·</span> <span class='ocrx_word' id='word_1_224' title='bbox 1138 2128 1141 2135; x_wconf 59' lang='grc'>,</span> 
     </span>
    </p>

    <p class='ocr_par' dir='ltr' id='par_1_23' title="bbox 14 2135 1140 2213">
     <span class='ocr_line' id='line_1_28' title="bbox 14 2135 1140 2213; baseline 0.003 -19"><span class='ocrx_word' id='word_1_225' title='bbox 14 2135 21 2150; x_wconf 83' lang='grc'><em>“</em></span> <span class='ocrx_word' id='word_1_226' title='bbox 89 2144 221 2194; x_wconf 81' lang='lat' dir='ltr'>kmenrne</span> <span class='ocrx_word' id='word_1_227' title='bbox 242 2155 296 2213; x_wconf 91' lang='lat' dir='ltr'>que</span> <span class='ocrx_word' id='word_1_228' title='bbox 314 2154 409 2194; x_wconf 89' lang='lat' dir='ltr'>vetum</span> <span class='ocrx_word' id='word_1_229' title='bbox 425 2135 505 2194; x_wconf 89' lang='lat' dir='ltr'>dicis:</span> <span class='ocrx_word' id='word_1_230' title='bbox 526 2136 673 2207; x_wconf 73' lang='lat' dir='ltr'>kmentiri,</span> <span class='ocrx_word' id='word_1_231' title='bbox 693 2137 879 2212; x_wconf 73' lang='lat' dir='ltr'>verumdieia.</span> <span class='ocrx_word' id='word_1_232' title='bbox 916 2137 1106 2199; x_wconf 80' lang='lat' dir='ltr'>Haecscilicet</span> <span class='ocrx_word' id='word_1_233' title='bbox 1137 2140 1140 2149; x_wconf 90' lang='lat'>&#39;</span> 
     </span>
    </p>

    <p class='ocr_par' dir='ltr' id='par_1_24' title="bbox 90 2208 1105 2365">
     <span class='ocr_line' id='line_1_29' title="bbox 90 2208 1105 2289; baseline -0.003 -14"><span class='ocrx_word' id='word_1_234' title='bbox 90 2211 125 2275; x_wconf 64' lang='lat' dir='ltr'>‘lb</span> <span class='ocrx_word' id='word_1_235' title='bbox 135 2223 179 2260; x_wconf 69' lang='lat' dir='ltr'>W·</span> <span class='ocrx_word' id='word_1_236' title='bbox 242 2213 437 2286; x_wconf 79' lang='lat' dir='ltr'>inexplicabilia</span> <span class='ocrx_word' id='word_1_237' title='bbox 452 2208 504 2268; x_wconf 88' lang='lat' dir='ltr'>elle</span> <span class='ocrx_word' id='word_1_238' title='bbox 519 2211 612 2271; x_wconf 84' lang='lat' dir='ltr'>dicitis.</span> <span class='ocrx_word' id='word_1_239' title='bbox 651 2212 726 2287; x_wconf 91' lang='lat' dir='ltr'>quod</span> <span class='ocrx_word' id='word_1_240' title='bbox 741 2214 778 2272; x_wconf 87' lang='lat' dir='ltr'>el&#39;t</span> <span class='ocrx_word' id='word_1_241' title='bbox 793 2212 911 2272; x_wconf 89' lang='lat' dir='ltr'>odiosius</span> <span class='ocrx_word' id='word_1_242' title='bbox 938 2212 1029 2289; x_wconf 69' lang='lat' dir='ltr'>quim</span> <span class='ocrx_word' id='word_1_243' title='bbox 1039 2214 1105 2283; x_wconf 80' lang='lat' dir='ltr'>illa,</span> 
     </span>
     <span class='ocr_line' id='line_1_30' title="bbox 193 2288 1072 2365; baseline 0.007 -22"><span class='ocrx_word' id='word_1_244' title='bbox 193 2338 196 2343; x_wconf 91' lang='lat'>.</span> <span class='ocrx_word' id='word_1_245' title='bbox 243 2307 307 2365; x_wconf 84' lang='lat' dir='ltr'>quae</span> <span class='ocrx_word' id='word_1_246' title='bbox 322 2305 372 2345; x_wconf 89' lang='lat' dir='ltr'>nos</span> <span class='ocrx_word' id='word_1_247' title='bbox 387 2288 648 2360; x_wconf 62' lang='lat' dir='ltr'>”incomprehensa</span> <span class='ocrx_word' id='word_1_248' title='bbox 674 2292 703 2347; x_wconf 80' lang='lat' dir='ltr'>br</span> <span class='ocrx_word' id='word_1_249' title='bbox 727 2308 786 2349; x_wconf 92' lang='lat' dir='ltr'>non</span> <span class='ocrx_word' id='word_1_250' title='bbox 799 2303 927 2365; x_wconf 86' lang='lat' dir='ltr'>percepta</span> <span class='ocrx_word' id='word_1_251' title='bbox 942 2290 1072 2351; x_wconf 89' lang='lat' dir='ltr'>dicimus.</span> 
     </span>
    </p>

    <p class='ocr_par' dir='ltr' id='par_1_25' title="bbox 204 2361 1141 2502">
     <span class='ocr_line' id='line_1_31' title="bbox 204 2361 1141 2502; baseline 0.004 -81"><span class='ocrx_word' id='word_1_252' title='bbox 204 2370 214 2392; x_wconf 69' lang='lat'>⁸</span> <span class='ocrx_word' id='word_1_253' title='bbox 281 2361 459 2423; x_wconf 63' lang='lat' dir='ltr'>xxx.”Srn</span> <span class='ocrx_word' id='word_1_254' title='bbox 481 2380 560 2421; x_wconf 73' lang='lat' dir='ltr'>nne</span> <span class='ocrx_word' id='word_1_255' title='bbox 583 2368 695 2425; x_wconf 77' lang='lat' dir='ltr'>omitto,</span> <span class='ocrx_word' id='word_1_256' title='bbox 727 2365 793 2424; x_wconf 87' lang='lat' dir='ltr'>illud</span> <span class='ocrx_word' id='word_1_257' title='bbox 813 2383 934 2442; x_wconf 85' lang='lat' dir='ltr'>quaero,</span> <span class='ocrx_word' id='word_1_258' title='bbox 961 2365 1106 2502; x_wconf 63' lang='lat' dir='ltr'>stillarliex·¹</span> <span class='ocrx_word' id='word_1_259' title='bbox 1139 2384 1141 2391; x_wconf 89' lang='lat'>·</span> 
     </span>
    </p>

    <p class='ocr_par' dir='ltr' id='par_1_26' title="bbox 1019 2459 1108 2518">
     <span class='ocr_line' id='line_1_32' title="bbox 1019 2459 1108 2518; baseline -0.011 -17"><span class='ocrx_word' id='word_1_260' title='bbox 1019 2459 1108 2518; x_wconf 82' lang='lat' dir='ltr'>pean</span> 
     </span>
    </p>
   </div>
   <div class='ocr_carea' id='block_1_5' title="bbox 218 2631 1112 3507">
    <p class='ocr_par' dir='ltr' id='par_1_27' title="bbox 218 2631 1105 2755">
     <span class='ocr_line' id='line_1_33' title="bbox 278 2631 1105 2699; baseline 0.01 -21"><span class='ocrx_word' id='word_1_261' title='bbox 278 2637 313 2680; x_wconf 78' lang='lat'>18.</span> <span class='ocrx_word' id='word_1_262' title='bbox 332 2633 359 2679; x_wconf 82' lang='lat' dir='ltr'>Si</span> <span class='ocrx_word' id='word_1_263' title='bbox 368 2631 428 2677; x_wconf 79' lang='lat' dir='ltr'>habes</span> <span class='ocrx_word' id='word_1_264' title='bbox 438 2633 494 2693; x_wconf 78' lang='lat' dir='ltr'>quad</span> <span class='ocrx_word' id='word_1_265' title='bbox 503 2634 597 2696; x_wconf 71' lang='lat' dir='ltr'>liquem,</span> <span class='ocrx_word' id='word_1_266' title='bbox 613 2650 676 2698; x_wconf 80' lang='lat' dir='ltr'>neque</span> <span class='ocrx_word' id='word_1_267' title='bbox 686 2636 791 2699; x_wconf 78' lang='lat' dir='ltr'>respondet</span> <span class='ocrx_word' id='word_1_268' title='bbox 805 2653 813 2682; x_wconf 89' lang='lat'>.·</span> <span class='ocrx_word' id='word_1_269' title='bbox 824 2636 930 2699; x_wconf 68' lang='lat' dir='ltr'>superbe]</span> <span class='ocrx_word' id='word_1_270' title='bbox 950 2636 981 2682; x_wconf 86' lang='lat' dir='ltr'>In</span> <span class='ocrx_word' id='word_1_271' title='bbox 993 2633 1105 2685; x_wconf 70' lang='lat' dir='ltr'>veteribot</span> 
     </span>
     <span class='ocr_line' id='line_1_34' title="bbox 218 2692 575 2755; baseline 0.011 -14"><span class='ocrx_word' id='word_1_272' title='bbox 218 2713 224 2724; x_wconf 52' lang='lat' dir='ltr'>t</span> <span class='ocrx_word' id='word_1_273' title='bbox 246 2692 310 2743; x_wconf 80' lang='lat' dir='ltr'>libris</span> <span class='ocrx_word' id='word_1_274' title='bbox 322 2692 353 2742; x_wconf 85' lang='lat' dir='ltr'>est</span> <span class='ocrx_word' id='word_1_275' title='bbox 359 2694 467 2755; x_wconf 77' lang='lat' dir='ltr'>fitperbus.</span> <span class='ocrx_word' id='word_1_276' title='bbox 501 2693 575 2746; x_wconf 84' lang='lat' dir='ltr'>Urfitr.</span> 
     </span>
    </p>

    <p class='ocr_par' dir='ltr' id='par_1_28' title="bbox 280 2757 1106 2833">
     <span class='ocr_line' id='line_1_35' title="bbox 280 2757 1106 2833; baseline 0.008 -30"><span class='ocrx_word' id='word_1_277' title='bbox 280 2766 316 2808; x_wconf 81' lang='lat'>19.</span> <span class='ocrx_word' id='word_1_278' title='bbox 330 2758 384 2820; x_wconf 68' lang='lat' dir='ltr'>Qu</span> <span class='ocrx_word' id='word_1_279' title='bbox 395 2775 430 2803; x_wconf 86' lang='lat' dir='ltr'>nec</span> <span class='ocrx_word' id='word_1_280' title='bbox 438 2764 534 2833; x_wconf 51' lang='lat' dir='ltr'>augenti,</span> <span class='ocrx_word' id='word_1_281' title='bbox 551 2762 714 2810; x_wconf 65' lang='lat' dir='ltr'>mammotreti,</span> <span class='ocrx_word' id='word_1_282' title='bbox 727 2760 781 2821; x_wconf 74' lang='lat' dir='ltr'>quid</span> <span class='ocrx_word' id='word_1_283' title='bbox 787 2791 794 2814; x_wconf 91' lang='lat'>,</span> <span class='ocrx_word' id='word_1_284' title='bbox 812 2760 867 2814; x_wconf 59' lang='lat' dir='ltr'>dyo]</span> <span class='ocrx_word' id='word_1_285' title='bbox 885 2757 920 2806; x_wconf 73' lang='lat' dir='ltr'>Sic</span> <span class='ocrx_word' id='word_1_286' title='bbox 930 2757 1061 2809; x_wconf 79' lang='lat' dir='ltr'>necessario</span> <span class='ocrx_word' id='word_1_287' title='bbox 1074 2760 1106 2809; x_wconf 66' lang='lat'>10·</span> 
     </span>
    </p>

    <p class='ocr_par' dir='ltr' id='par_1_29' title="bbox 246 2817 1112 3507">
     <span class='ocr_line' id='line_1_36' title="bbox 246 2817 1106 2880; baseline 0.005 -15"><span class='ocrx_word' id='word_1_288' title='bbox 246 2820 362 2880; x_wconf 76' lang='lat' dir='ltr'>gendum,</span> <span class='ocrx_word' id='word_1_289' title='bbox 379 2817 442 2868; x_wconf 90' lang='lat' dir='ltr'>libris</span> <span class='ocrx_word' id='word_1_290' title='bbox 454 2822 561 2871; x_wconf 86' lang='lat' dir='ltr'>omnibus</span> <span class='ocrx_word' id='word_1_291' title='bbox 572 2821 758 2870; x_wconf 82' lang='lat' dir='ltr'>reclamantibus.</span> <span class='ocrx_word' id='word_1_292' title='bbox 777 2822 893 2868; x_wconf 82' lang='lat' dir='ltr'>Sententia</span> <span class='ocrx_word' id='word_1_293' title='bbox 905 2826 986 2870; x_wconf 89' lang='lat' dir='ltr'>autem</span> <span class='ocrx_word' id='word_1_294' title='bbox 1002 2823 1053 2872; x_wconf 82' lang='lat' dir='ltr'>iraee</span> <span class='ocrx_word' id='word_1_295' title='bbox 1067 2820 1106 2873; x_wconf 81' lang='lat' dir='ltr'>esi:</span> 
     </span>
     <span class='ocr_line' id='line_1_37' title="bbox 246 2882 1108 2956; baseline 0.006 -28"><span class='ocrx_word' id='word_1_296' title='bbox 246 2882 303 2943; x_wconf 76' lang='lat' dir='ltr'>Quu&#39;</span> <span class='ocrx_word' id='word_1_297' title='bbox 314 2897 349 2929; x_wconf 86' lang='lat' dir='ltr'>ars</span> <span class='ocrx_word' id='word_1_298' title='bbox 362 2914 368 2936; x_wconf 89' lang='lat'>,</span> <span class='ocrx_word' id='word_1_299' title='bbox 385 2883 480 2947; x_wconf 85' lang='lat' dir='ltr'>inquit,</span> <span class='ocrx_word' id='word_1_300' title='bbox 497 2883 552 2944; x_wconf 91' lang='lat' dir='ltr'>quid</span> <span class='ocrx_word' id='word_1_301' title='bbox 570 2884 671 2956; x_wconf 89' lang='lat' dir='ltr'>primum</span> <span class='ocrx_word' id='word_1_302' title='bbox 683 2917 690 2938; x_wconf 88' lang='lat'><strong>,</strong></span> <span class='ocrx_word' id='word_1_303' title='bbox 704 2897 742 2930; x_wconf 87' lang='lat' dir='ltr'>aur</span> <span class='ocrx_word' id='word_1_304' title='bbox 753 2883 896 2946; x_wconf 82' lang='lat' dir='ltr'>postremum</span> <span class='ocrx_word' id='word_1_305' title='bbox 906 2882 948 2941; x_wconf 89' lang='lat' dir='ltr'>sit,</span> <span class='ocrx_word' id='word_1_306' title='bbox 961 2898 1001 2934; x_wconf 91' lang='lat' dir='ltr'>aut</span> <span class='ocrx_word' id='word_1_307' title='bbox 1011 2886 1036 2935; x_wconf 88' lang='lat' dir='ltr'>ei</span> <span class='ocrx_word' id='word_1_308' title='bbox 1046 2884 1108 2951; x_wconf 70' lang='lat' dir='ltr'>,qui</span> 
     </span>
     <span class='ocr_line' id='line_1_38' title="bbox 248 2944 887 3007; baseline 0.008 -17"><span class='ocrx_word' id='word_1_309' title='bbox 248 2958 331 3007; x_wconf 74' lang='lat' dir='ltr'>auget,</span> <span class='ocrx_word' id='word_1_310' title='bbox 349 2948 420 2993; x_wconf 87' lang='lat' dir='ltr'>aurei</span> <span class='ocrx_word' id='word_1_311' title='bbox 432 2978 439 3000; x_wconf 91' lang='lat'>‚</span> <span class='ocrx_word' id='word_1_312' title='bbox 457 2948 497 3007; x_wconf 88' lang='lat' dir='ltr'>qui</span> <span class='ocrx_word' id='word_1_313' title='bbox 508 2948 611 3006; x_wconf 49' lang='lat' dir='ltr'>minores</span> <span class='ocrx_word' id='word_1_314' title='bbox 621 2961 670 2992; x_wconf 92' lang='lat' dir='ltr'>non</span> <span class='ocrx_word' id='word_1_315' title='bbox 681 2944 758 2994; x_wconf 88' lang='lat' dir='ltr'>docet.</span> <span class='ocrx_word' id='word_1_316' title='bbox 792 2947 887 2995; x_wconf 76' lang='lat' dir='ltr'>Lambin.</span> 
     </span>
     <span class='ocr_line' id='line_1_39' title="bbox 254 3007 1107 3070; baseline 0.007 -17"><span class='ocrx_word' id='word_1_317' title='bbox 254 3052 257 3059; x_wconf 85' lang='grc'><strong>,</strong></span> <span class='ocrx_word' id='word_1_318' title='bbox 279 3024 316 3055; x_wconf 87' lang='lat'>20.</span> <span class='ocrx_word' id='word_1_319' title='bbox 331 3010 533 3069; x_wconf 70' lang='lat' dir='ltr'>Incomprehenssa&amp;</span> <span class='ocrx_word' id='word_1_320' title='bbox 550 3026 589 3053; x_wconf 82' lang='lat' dir='ltr'>non</span> <span class='ocrx_word' id='word_1_321' title='bbox 602 3015 714 3069; x_wconf 67' lang='lat' dir='ltr'>percepta]</span> <span class='ocrx_word' id='word_1_322' title='bbox 745 3008 900 3056; x_wconf 85' lang='lat' dir='ltr'>Verecundius</span> <span class='ocrx_word' id='word_1_323' title='bbox 911 3007 1020 3070; x_wconf 79' lang='lat' dir='ltr'>poscebat</span> <span class='ocrx_word' id='word_1_324' title='bbox 1037 3008 1080 3060; x_wconf 83' lang='lat' dir='ltr'>lib.</span> <span class='ocrx_word' id='word_1_325' title='bbox 1090 3023 1107 3059; x_wconf 80' lang='lat' dir='ltr'>t.</span> 
     </span>
     <span class='ocr_line' id='line_1_40' title="bbox 247 3066 1109 3135; baseline 0.007 -20"><span class='ocrx_word' id='word_1_326' title='bbox 247 3066 278 3115; x_wconf 87' lang='lat' dir='ltr'>ad</span> <span class='ocrx_word' id='word_1_327' title='bbox 289 3075 383 3129; x_wconf 80' lang='lat' dir='ltr'>vamur¹</span> <span class='ocrx_word' id='word_1_328' title='bbox 394 3086 542 3118; x_wconf 63' lang='lat' dir='ltr'>iuraturum</span> <span class='ocrx_word' id='word_1_329' title='bbox 553 3067 594 3118; x_wconf 79' lang='lat' dir='ltr'>obi</span> <span class='ocrx_word' id='word_1_330' title='bbox 605 3071 684 3119; x_wconf 88' lang='lat' dir='ltr'>licerer</span> <span class='ocrx_word' id='word_1_331' title='bbox 696 3071 902 3135; x_wconf 76' lang='lat' dir='ltr'>comprehensibile</span> <span class='ocrx_word' id='word_1_332' title='bbox 912 3072 998 3123; x_wconf 67' lang='lat' dir='ltr'>diceret</span> <span class='ocrx_word' id='word_1_333' title='bbox 1012 3074 1109 3123; x_wconf 80' lang='lat' dir='ltr'>hicnon</span> 
     </span>
     <span class='ocr_line' id='line_1_41' title="bbox 250 3130 1111 3197; baseline 0.006 -19"><span class='ocrx_word' id='word_1_334' title='bbox 250 3130 282 3178; x_wconf 86' lang='lat' dir='ltr'>est</span> <span class='ocrx_word' id='word_1_335' title='bbox 293 3131 358 3178; x_wconf 84' lang='lat' dir='ltr'>ausus</span> <span class='ocrx_word' id='word_1_336' title='bbox 374 3134 584 3193; x_wconf 76' lang='lat' dir='ltr'>incomprehenfibilia</span> <span class='ocrx_word' id='word_1_337' title='bbox 599 3132 683 3182; x_wconf 85' lang='lat' dir='ltr'>dicere.</span> <span class='ocrx_word' id='word_1_338' title='bbox 705 3150 747 3197; x_wconf 86' lang='lat' dir='ltr'>pro</span> <span class='ocrx_word' id='word_1_339' title='bbox 763 3138 916 3183; x_wconf 68' lang='lat' dir='ltr'>inurdannrn</span> <span class='ocrx_word' id='word_1_340' title='bbox 932 3136 1015 3192; x_wconf 80' lang='lat' dir='ltr'>dixit,</span> <span class='ocrx_word' id='word_1_341' title='bbox 1034 3141 1111 3183; x_wconf 72' lang='lat' dir='ltr'>incon·</span> 
     </span>
     <span class='ocr_line' id='line_1_42' title="bbox 247 3195 1111 3260; baseline 0.007 -21"><span class='ocrx_word' id='word_1_342' title='bbox 247 3196 353 3254; x_wconf 58' lang='lat' dir='ltr'>prehensa.</span> <span class='ocrx_word' id='word_1_343' title='bbox 389 3199 416 3238; x_wconf 91' lang='lat' dir='ltr'>ln</span> <span class='ocrx_word' id='word_1_344' title='bbox 432 3195 524 3242; x_wconf 78' lang='lat' dir='ltr'>Timaeo</span> <span class='ocrx_word' id='word_1_345' title='bbox 544 3198 722 3251; x_wconf 81' lang='lat' dir='ltr'>tamen,&#39;cum</span> <span class='ocrx_word' id='word_1_346' title='bbox 744 3200 822 3244; x_wconf 68' lang='lat' dir='ltr'>daura</span> <span class='ocrx_word' id='word_1_347' title='bbox 846 3195 947 3245; x_wconf 80' lang='lat' dir='ltr'>vertisset</span> <span class='ocrx_word' id='word_1_348' title='bbox 968 3198 1111 3260; x_wconf 58' lang='lat' dir='ltr'>inmolare,</span> 
     </span>
     <span class='ocr_line' id='line_1_43' title="bbox 249 3252 1111 3363; baseline 0.014 -64"><span class='ocrx_word' id='word_1_349' title='bbox 249 3257 329 3363; x_wconf 66' lang='lat' dir='ltr'>paucis</span> <span class='ocrx_word' id='word_1_350' title='bbox 346 3252 420 3301; x_wconf 81' lang='lat' dir='ltr'>verbis</span> <span class='ocrx_word' id='word_1_351' title='bbox 441 3257 491 3317; x_wconf 88' lang='lat' dir='ltr'>post</span> <span class='ocrx_word' id='word_1_352' title='bbox 508 3260 588 3305; x_wconf 68' lang='lat' dir='ltr'>irum</span> <span class='ocrx_word' id='word_1_353' title='bbox 605 3260 673 3306; x_wconf 83' lang='lat' dir='ltr'>vertit</span> <span class='ocrx_word' id='word_1_354' title='bbox 689 3259 847 3319; x_wconf 60' lang='lat' dir='ltr'>indissolubiles.</span> <span class='ocrx_word' id='word_1_355' title='bbox 879 3259 1011 3318; x_wconf 79' lang='lat' dir='ltr'>Quomodo</span> <span class='ocrx_word' id='word_1_356' title='bbox 1034 3274 1111 3311; x_wconf 66' lang='lat' dir='ltr'>amelli</span> 
     </span>
     <span class='ocr_line' id='line_1_44' title="bbox 266 3315 1112 3384; baseline 0.018 -26"><span class='ocrx_word' id='word_1_357' title='bbox 266 3315 290 3363; x_wconf 82' lang='lat' dir='ltr'>ic</span> <span class='ocrx_word' id='word_1_358' title='bbox 309 3319 507 3379; x_wconf 77' lang='lat' dir='ltr'>incomprehensa&amp;</span> <span class='ocrx_word' id='word_1_359' title='bbox 520 3333 632 3382; x_wconf 80' lang='lat' dir='ltr'>percepta,</span> <span class='ocrx_word' id='word_1_360' title='bbox 649 3323 673 3369; x_wconf 80' lang='grc' dir='ltr'>δι</span> <span class='ocrx_word' id='word_1_361' title='bbox 691 3323 714 3370; x_wconf 91' lang='lat' dir='ltr'>in</span> <span class='ocrx_word' id='word_1_362' title='bbox 733 3324 825 3370; x_wconf 79' lang='lat' dir='ltr'>Timaeo</span> <span class='ocrx_word' id='word_1_363' title='bbox 846 3324 969 3384; x_wconf 71' lang='lat' dir='ltr'>indissoluta</span> <span class='ocrx_word' id='word_1_364' title='bbox 986 3322 1049 3373; x_wconf 73' lang='lat' dir='ltr'>dixit</span> <span class='ocrx_word' id='word_1_365' title='bbox 1061 3322 1112 3381; x_wconf 58' lang='lat' dir='ltr'>{fio</span> 
     </span>
     <span class='ocr_line' id='line_1_45' title="bbox 249 3377 1101 3449; baseline 0.013 -23"><span class='ocrx_word' id='word_1_366' title='bbox 249 3377 310 3441; x_wconf 85' lang='lat' dir='ltr'>apud</span> <span class='ocrx_word' id='word_1_367' title='bbox 325 3380 413 3431; x_wconf 84' lang='lat' dir='ltr'>Sallust.</span> <span class='ocrx_word' id='word_1_368' title='bbox 421 3396 539 3444; x_wconf 84' lang='lat' dir='ltr'>corruptum</span> <span class='ocrx_word' id='word_1_369' title='bbox 552 3385 576 3431; x_wconf 75' lang='grc' dir='ltr'>δι</span> <span class='ocrx_word' id='word_1_370' title='bbox 589 3383 691 3442; x_wconf 71' lang='lat' dir='ltr'>infestum</span> <span class='ocrx_word' id='word_1_371' title='bbox 700 3382 878 3449; x_wconf 83' lang='lat' dir='ltr'>usurparum‚tu</span> <span class='ocrx_word' id='word_1_372' title='bbox 888 3384 1022 3438; x_wconf 70' lang='lat' dir='ltr'>meminisse</span> <span class='ocrx_word' id='word_1_373' title='bbox 1031 3384 1101 3437; x_wconf 74' lang='lat' dir='ltr'>debeo</span> 
     </span>
     <span class='ocr_line' id='line_1_46' title="bbox 251 3440 879 3507; baseline 0.027 -17"><span class='ocrx_word' id='word_1_374' title='bbox 251 3440 741 3503; x_wconf 76' lang='lat' dir='ltr'>oradooisbominibusobserraruutrti.</span> <span class='ocrx_word' id='word_1_375' title='bbox 773 3450 879 3507; x_wconf 65' lang='lat' dir='ltr'>mabar.</span> 
     </span>
    </p>
   </div>
   <div class='ocr_carea' id='block_1_6' title="bbox 915 3512 1110 3583">
    <p class='ocr_par' dir='ltr' id='par_1_30' title="bbox 915 3512 1110 3583">
     <span class='ocr_line' id='line_1_47' title="bbox 915 3512 1110 3583; baseline 0 -14"><span class='ocrx_word' id='word_1_376' title='bbox 915 3540 918 3547; x_wconf 41' lang='grc' dir='ltr'><em>ν</em></span> <span class='ocrx_word' id='word_1_377' title='bbox 994 3512 1110 3583; x_wconf 57' lang='lat' dir='ltr'>erran</span> 
     </span>
    </p>
   </div>
   <div class='ocr_carea' id='block_1_7' title="bbox 0 0 1184 3914">
    <p class='ocr_par' dir='ltr' id='par_1_31' title="bbox 0 0 1184 3914">
     <span class='ocr_line' id='line_1_48' title="bbox 0 0 1184 3914; baseline 0 0"><span class='ocrx_word' id='word_1_378' title='bbox 0 0 1184 3914; x_wconf 95' lang='lat' dir='ltr'> </span> 
     </span>
    </p>
   </div>
  </div>
 </body>
</html>
