2318 3914
237 163 326 231 2440
444 141 507 209 De
527 142 616 208 Fiii.
636 114 813 209 Boiisiir
834 136 950 206 Mai.

243 256 386 318 diximus:
412 256 449 319 fic
464 258 502 319 ilii
517 262 608 319 facere
625 260 745 328 omnia,
771 275 835 335 quae
846 257 966 391 Ipofiit,
986 266 1022 318 ut
1046 258 1117 323 colli·

240 346 323 394 iicet:
342 337 407 395 huic
423 336 451 396 in
468 336 526 413 ejus
540 336 716 397 similitudine
731 336 825 395 omnia
856 347 898 394 int
919 335 1074 408 facienda,
1089 350 1116 398 ut

239 411 387 481 collineet;
408 414 546 474 &tamen
569 427 600 474 ut
618 415 715 474 omnia
736 413 839 483 faciat,
858 409 917 489 quo
940 414 1115 489 propositum

99 502 125 552 t.
139 496 215 552 xcv.
239 484 406 564 assequatur:
426 488 472 550 sed
486 491 566 562 hoc,
586 491 660 569 quasi
681 491 836 559 ultimum,
863 488 947 565 quale
968 508 1028 551 nos
1050 490 1117 553 sum·

240 579 321 623 mum
338 568 367 626 iii
382 567 439 625 vita
451 567 559 628 bonum
580 569 718 629 dicimus:
738 565 805 626 illud
824 577 918 626 autem
936 607 946 637 ,
967 580 1001 626 ut
1016 568 1116 641 feriat,

237 641 516 778 quqsqlseligendum,
535 665 595 706 non
610 643 808 778 expetendqim
838 717 854 779 ἆ
911 720 916 731 Ι

190 721 848 871 231aeprdficqsiciaqtqrqiagiqsdqqlnqaeciieffqiqst
869 736 1026 872 giglsligsclss
1037 734 1116 874 iffi

237 870 405 948 sapientiam.
444 875 498 934 Sed
518 875 759 953 quemadmodum
780 872 852 949 saepe
872 872 930 943 fit,
951 885 985 932 ut
999 874 1025 933 is
1045 917 1055 945 ,
1075 879 1116 953 qui

239 952 452 1012 commendatus
465 952 496 1012 sit
516 954 622 1023 alicui,
641 954 722 1028 pluris
743 967 809 1011 euni
831 950 938 1019 faciat,
959 950 1011 1009 cui
1042 968 1117 1011 coin·

89 1039 173 1101 liquo
187 1027 387 1094 (immendams
408 1028 463 1097 fit,
483 1030 568 1106 quim
589 1029 692 1098 iilum,
712 1020 840 1104 aiqum
861 1025 898 1084 fic
920 1025 1051 1086 mininie
1072 1029 1117 1089 mi·

90 1099 192 1151 minime
238 1118 304 1177 pum
320 1103 375 1174 est,
395 1103 487 1180 primo
502 1125 553 1166 nos
567 1105 705 1182 sapientiae
720 1102 913 1164 commendati
927 1102 964 1161 ab
978 1103 1117 1165 initiisna·

92 1165 170 1215 Μ·
242 1190 333 1251 tuiae,
353 1181 413 1255 posi
426 1194 519 1244 autem
534 1183 618 1259 ipsam
632 1182 657 1241 sa
677 1183 790 1241 sentiam
806 1180 885 1239 nobis
904 1179 1050 1239 amorem
1065 1181 1118 1244 fieri

243 1256 328 1332 quim
344 1258 387 1317 illa
402 1258 470 1327 sint,
490 1259 506 1319 a
542 1260 618 1320 uibus
632 1200 752 1333 aifhanc
775 1258 944 1316 venerimus.
984 1268 1074 1346 atque
1091 1269 1118 1321 ut

244 1334 369 1395 membra
383 1336 462 1395 nobis
475 1278 588 1396 sufflata
602 1335 679 1405 sunt,
705 1346 737 1393 ut
756 1333 791 1392 ad
810 1331 954 1410 quandam
977 1346 1118 1396 rationem

80 1412 104 1479 ¹l
124 1424 235 1489 gppaieat
246 1410 358 1470 vivendi
372 1412 433 1473 data
447 1410 500 1471 esse
524 1412 705 1489 ¹appareant:
725 1411 762 1469 sic
777 1410 909 1485 appetitio
926 1408 1038 1481 animi,
1056 1429 1119 1489 quae

94 1475 145 1528 ¹²¹⁸·
245 1487 309 1555 iiiiii
327 1486 427 1547 Giaect
441 1502 572 1560 vocatur,
592 1506 651 1548 non
665 1488 701 1549 ad
713 1486 830 1564 quodvis
851 1503 940 1562 genus
962 1487 1056 1557 vitae,
1074 1487 1118 1547 sed

245 1563 279 1622 ad
293 1564 432 1640 quandam
447 1566 567 1624 sormam
584 1566 696 1625 vivendi
709 1563 818 1623 videtur
833 1561 895 1621 data
910 1582 918 1621 a
939 1563 1070 1641 itemque
1087 1564 1118 1624 δε

245 1640 315 1698 natio
330 1683 339 1709 ,
360 1642 390 1699 dc
404 1641 616 1716 perfectarum.

199 1745 238 1803 24
287 1717 329 1775 Ut
343 1717 418 1776 enim
433 1717 555 1777 histrioni
568 1717 685 1786 pactio,
704 1715 823 1775 saltatori
837 1726 933 1775 motus
947 1758 957 1787 ,
975 1732 1035 1775 non
1054 1718 1117 1793 qui·

96 1818 127 1852 iii
145 1802 208 1878 attio
248 1792 306 1863 iis,
325 1793 371 1851 sed
392 1807 480 1854 certus
499 1794 613 1872 quidam
633 1792 670 1852 est
690 1792 789 1852 datus:
809 1788 847 1850 sic
867 1792 927 1850 vita
946 1790 1050 1867 agenda
1074 1791 1114 1850 ess

97 1865 221 1945 stittwtti,
248 1881 326 1929 certo
339 1887 439 1946 genere
453 1872 593 1947 quodam,
611 1888 669 1929 non
683 1868 822 1946 quolibet:
842 1868 922 1945 quod
941 1878 1024 1944 'genus
1043 1883 1118 1937 coii-

98 1929 148 1980 ⁶²¹¹·
248 1948 363 2006 veniens
377 1948 648 2023 consentaneumque
669 1946 793 2006 dicimus.
815 1961 870 2004 nec
892 1945 970 2004 enim
983 1942 1119 2021 gaibema·

180 2028 183 2035 '
247 2023 320 2082 tioni
340 2036 386 2083 aut
415 2027 562 2085 medicinae
576 2023 694 2083 similem
707 2021 866 2097 sapientiam
881 2018 1119 2090 eflearbitiamur.

248 2098 296 2159 sed
310 2100 411 2159 adioni
424 2102 461 2161 illi
482 2102 588 2176 potius,
607 2097 796 2176 quammodd
810 2098 893 2169 diiii,
913 2098 945 2155 &
966 2096 1119 2166 saltationi.

249 2176 325 2235 utin
338 2177 391 2252 ipsa
411 2190 467 2236 arte
490 2178 574 2247 insit,
594 2194 654 2235 non
675 2175 740 2235 fotis
761 2187 867 2251 petatur
889 2185 1072 2245 extremum,
1091 2174 1118 2233 id
1137 2202 1141 2209 ·

251 2251 290 2310 est
314 2257 376 2311 aitis
399 2251 519 2311 effeeiio.
558 2256 696 2312 &tamen
712 2251 749 2309 eit
763 2253 846 2309 etiam
861 2250 912 2308 alia
926 2267 995 2310 cuin
1009 2249 1119 2325 hisipfii

250 2327 350 2387 artibus
363 2329 500 2403 sapientiae
513 2328 698 2389 dissimilitudo
707 2350 716 2396 ς
736 2339 880 2403 propterea
894 2324 975 2402 quod
995 2328 1028 2386 in
1049 2326 1121 2397 ilis,
1153 2378 1158 2393 .

252 2421 318 2479 quae
337 2405 410 2464 reste
430 2405 602 2476 factasunt,
621 2424 680 2466 non
704 2405 880 2465 continentur
901 2416 1000 2463 tamen
1022 2420 1121 2464 omues

251 2493 357 2555 partes,
378 2481 502 2558 dquibus
517 2483 649 2543 constant.
686 2499 751 2558 quae
771 2492 865 2541 autem
885 2496 937 2538 nos
962 2492 1012 2539 aut
1031 2478 1123 2551 reeta,

253 2570 300 2614 aut
312 2557 385 2617 nesii
401 2559 608 2620 fastidiemus
624 2603 632 2629 ‚
659 2557 677 2617 fi
691 2558 781 2633 piacet
795 2599 804 2627 ‚
822 2556 860 2624 illi
873 2568 969 2614 autem
983 2557 1122 2633 appellant

250 2638 461 2704 κατορθώματι,
482 2652 581 2699 omnes
593 2650 724 2695 numeros
746 2633 851 2693 virtutis
870 2632 1030 2692 continent.
1068 2633 1122 2694 sola

107 2764 123 2797 n
137 2743 202 2795 ms²
255 2712 330 2770 enim
344 2712 473 2789 sapientia
488 2717 517 2773 iii
530 2715 556 2773 se
569 2727 629 2774 tota
644 2709 796 2770 ¹²conversa
815 2709 852 2767 est
867 2729 875 2767 a
895 2708 975 2786 quod
994 2709 1076 2769 idem
1094 2712 1121 2773 in

106 2813 160 2868 conj.
172 2790 353 2856 muteteris
366 2792 464 2850 artibus
479 2810 536 2850 non
551 2791 589 2850 sit.
898 2862 904 2873 .
948 2863 955 2874 0
1037 2864 1043 2874 Ι

210 2889 245 2947 25
296 2865 393 2927 Inscite
418 2882 511 2927 autem
534 2867 681 2927 medicinae
713 2862 969 2948 &gubernationis
989 2862 1124 2924 ultimum

144 2952 172 3000 r.
187 2951 214 3001 B.
255 2959 321 3003 cum
342 2944 441 3006 ultimo
462 2946 599 3021 sapientiae
620 2952 802 3018 comparatur.
838 2939 967 3015 sapientia
990 2940 1123 3031 euim&¹

1041 3034 1125 3079 amini

257 3177 381 3244 iespondet
392 3177 441 3227 scie
452 3177 492 3225 vul
510 3176 566 3224 atla:
583 3171 736 3224 solummodo
745 3170 815 3221 habet
825 3169 877 3219 heic
886 3171 994 3243 di'cimqs,
1007 3170 1037 3219 δι
1047 3168 1124 3221 statim

259 3245 377 3304 ejusmodi,
393 3256 436 3301 pio
463 3192 627 3299 ubficacoejui.
659 3234 762 3297 denique
778 3249 827 3283 non
838 3231 944 3298 agnoscit
959 3232 1058 3282 illudat
1073 3246 1125 3282 ante

260 3309 360 3353 ausimo
369 3310 435 3351 secun
454 3318 470 3350 o
480 3299 582 3366 positum
592 3302 657 3351 loco.
676 3294 958 3362 scaligeiadsciipsithaic
968 3299 1059 3356 ineius,
1074 3311 1124 3346 etim

262 3364 490 3429 vocibussequentib.
498 3363 599 3428 septem,
609 3379 659 3413 iioii
670 3375 806 3425 compaieie
818 3360 889 3410 iums.
897 3358 951 3415 suo,
959 3358 1125 3417 &statiimlo-

263 3446 386 3486 cotaaien,
402 3429 533 3494 adnotavit,
553 3443 607 3476 ium.
634 3427 736 3491 denique
753 3439 783 3472 eii
793 3421 847 3472 eod.
858 3436 937 3471 vetere
956 3420 1079 3481 restituit,
1094 3438 1126 3469 iias

256 3498 365 3559 summam
376 3498 452 3546 sinum
462 3500 485 3546 t'n
494 3494 642 3544 assabinum:
659 3493 724 3543 iliad.
740 3484 788 3539 fine
799 3484 1014 3540 ditiioiieaieiaius.
1031 3490 1103 3535 Giut.

1002 3564 1043 3609 as·
1060 3548 1126 3615 93⁶⁴
