<?xml version="1.0" encoding="UTF-8"?>
<!DOCTYPE html PUBLIC "-//W3C//DTD XHTML 1.0 Transitional//EN"
    "http://www.w3.org/TR/xhtml1/DTD/xhtml1-transitional.dtd">
<html xmlns="http://www.w3.org/1999/xhtml" xml:lang="en" lang="en">
 <head>
  <title>
</title>
<meta http-equiv="Content-Type" content="text/html;charset=utf-8" />
  <meta name='ocr-system' content='tesseract 3.04.00' />
  <meta name='ocr-capabilities' content='ocr_page ocr_carea ocr_par ocr_line ocrx_word'/>
</head>
<body>
  <div class='ocr_page' id='page_1' title='image "./marcitulliicice02pedigoog_0095.png"; bbox 0 0 2318 3914; ppageno 0'>
   <div class='ocr_carea' id='block_1_1' title="bbox 220 106 934 202">
    <p class='ocr_par' dir='ltr' id='par_1_1' title="bbox 220 94 981 202">
     <span class='ocr_line' id='line_1_1' title="bbox 220 106 934 202; baseline -0.017 -17"><span class='ocrx_word' id='word_1_1' title='bbox 220 121 303 202; x_wconf 78' lang='lat'>&#39;2298</span> <span class='ocrx_word' id='word_1_2' title='bbox 390 106 977 195; x_wconf 74' lang='lat' dir='ltr'>Aornquunsrronuu&#39;</span> 
     </span>
    </p>
   </div>
   <div class='ocr_carea' id='block_1_2' title="bbox 139 225 1080 623">
    <p class='ocr_par' dir='ltr' id='par_1_2' title="bbox 139 225 1080 623">
     <span class='ocr_line' id='line_1_2' title="bbox 302 225 684 305; baseline 0.018 -23"><span class='ocrx_word' id='word_1_3' title='bbox 302 226 375 286; x_wconf 83' lang='lat' dir='ltr'>Unde</span> <span class='ocrx_word' id='word_1_4' title='bbox 388 225 436 285; x_wconf 81' lang='lat' dir='ltr'>het</span> <span class='ocrx_word' id='word_1_5' title='bbox 444 226 562 305; x_wconf 78' lang='lat' dir='ltr'>flamma</span> <span class='ocrx_word' id='word_1_6' title='bbox 578 230 684 289; x_wconf 69' lang='lat' dir='ltr'>oritur?</span> 
     </span>
     <span class='ocr_line' id='line_1_3' title="bbox 226 301 475 381; baseline 0.004 -18"><span class='ocrx_word' id='word_1_7' title='bbox 226 306 256 363; x_wconf 73' lang='grc' dir='ltr'>δι</span> <span class='ocrx_word' id='word_1_8' title='bbox 270 301 314 362; x_wconf 75' lang='lat' dir='ltr'>ille</span> <span class='ocrx_word' id='word_1_9' title='bbox 329 303 475 381; x_wconf 74' lang='lat' dir='ltr'>deincep8‚</span> 
     </span>
     <span class='ocr_line' id='line_1_4' title="bbox 303 383 1080 460; baseline 0.009 -25"><span class='ocrx_word' id='word_1_10' title='bbox 303 389 329 434; x_wconf 85' lang='lat'>¹5</span> <span class='ocrx_word' id='word_1_11' title='bbox 339 383 426 439; x_wconf 80' lang='lat' dir='ltr'><em>Incede</em></span> <span class='ocrx_word' id='word_1_12' title='bbox 435 383 549 450; x_wconf 75' lang='lat' dir='ltr'>,incedet</span> <span class='ocrx_word' id='word_1_13' title='bbox 568 383 803 459; x_wconf 53' lang='lat' dir='ltr'>adſstntffldfitnt:</span> <span class='ocrx_word' id='word_1_14' title='bbox 819 402 859 442; x_wconf 79' lang='lat' dir='ltr'>me</span> <span class='ocrx_word' id='word_1_15' title='bbox 868 400 925 451; x_wconf 83' lang='lat' dir='ltr'>,me</span> <span class='ocrx_word' id='word_1_16' title='bbox 936 384 1080 460; x_wconf 66' lang='lat' dir='ltr'>expetunt}</span> 
     </span>
     <span class='ocr_line' id='line_1_5' title="bbox 139 454 1005 535; baseline 0.001 -19"><span class='ocrx_word' id='word_1_17' title='bbox 139 518 145 528; x_wconf 67' lang='grc'><strong>,</strong></span> <span class='ocrx_word' id='word_1_18' title='bbox 226 454 323 535; x_wconf 79' lang='lat' dir='ltr'>Quid,</span> <span class='ocrx_word' id='word_1_19' title='bbox 343 457 407 517; x_wconf 86' lang='lat' dir='ltr'>clrm</span> <span class='ocrx_word' id='word_1_20' title='bbox 423 460 531 534; x_wconf 87' lang='lat' dir='ltr'>virginis</span> <span class='ocrx_word' id='word_1_21' title='bbox 546 458 631 518; x_wconf 88' lang='lat' dir='ltr'>fidem</span> <span class='ocrx_word' id='word_1_22' title='bbox 651 458 800 535; x_wconf 80' lang='lat' dir='ltr'>implorat?</span> <span class='ocrx_word' id='word_1_23' title='bbox 998 466 1005 484; x_wconf 74' lang='lat'><em>⁶</em></span> 
     </span>
     <span class='ocr_line' id='line_1_6' title="bbox 302 534 866 623; baseline 0.002 -30"><span class='ocrx_word' id='word_1_24' title='bbox 302 542 351 593; x_wconf 79' lang='lat' dir='ltr'>Fet</span> <span class='ocrx_word' id='word_1_25' title='bbox 365 535 405 593; x_wconf 77' lang='lat' dir='ltr'>mi</span> <span class='ocrx_word' id='word_1_26' title='bbox 417 537 564 594; x_wconf 79' lang='lat' dir='ltr'>auxilium:</span> <span class='ocrx_word' id='word_1_27' title='bbox 583 534 673 623; x_wconf 61' lang='lat' dir='ltr'>pessfm</span> <span class='ocrx_word' id='word_1_28' title='bbox 688 535 760 613; x_wconf 77' lang='lat' dir='ltr'>abige</span> <span class='ocrx_word' id='word_1_29' title='bbox 775 535 795 592; x_wconf 65' lang='lat' dir='ltr'>e</span> <span class='ocrx_word' id='word_1_30' title='bbox 810 556 866 594; x_wconf 83' lang='lat' dir='ltr'>me:</span> 
     </span>
    </p>
   </div>
   <div class='ocr_carea' id='block_1_3' title="bbox 77 610 1118 3051">
    <p class='ocr_par' dir='ltr' id='par_1_3' title="bbox 77 610 1103 1224">
     <span class='ocr_line' id='line_1_7' title="bbox 131 610 961 690; baseline 0.005 -22"><span class='ocrx_word' id='word_1_31' title='bbox 131 668 133 681; x_wconf 70' lang='grc'>,</span> <span class='ocrx_word' id='word_1_32' title='bbox 303 612 503 685; x_wconf 66' lang='lat' dir='ltr'>Flammiferam</span> <span class='ocrx_word' id='word_1_33' title='bbox 519 612 587 669; x_wconf 84' lang='lat' dir='ltr'>hanc</span> <span class='ocrx_word' id='word_1_34' title='bbox 601 633 677 681; x_wconf 75' lang='lat' dir='ltr'>vem,</span> <span class='ocrx_word' id='word_1_35' title='bbox 698 633 750 690; x_wconf 77' lang='lat' dir='ltr'>que</span> <span class='ocrx_word' id='word_1_36' title='bbox 763 633 804 670; x_wconf 85' lang='lat' dir='ltr'>mt</span> <span class='ocrx_word' id='word_1_37' title='bbox 818 610 961 672; x_wconf 68' lang='lat' dir='ltr'>excruciat.</span> 
     </span>
     <span class='ocr_line' id='line_1_8' title="bbox 77 687 789 763; baseline -0.001 -18"><span class='ocrx_word' id='word_1_38' title='bbox 77 723 91 758; x_wconf 70' lang='lat'>2</span> <span class='ocrx_word' id='word_1_39' title='bbox 107 710 218 757; x_wconf 80' lang='lat' dir='ltr'>incendunt</span> <span class='ocrx_word' id='word_1_40' title='bbox 307 687 420 745; x_wconf 83' lang='lat' dir='ltr'>Carulee</span> <span class='ocrx_word' id='word_1_41' title='bbox 434 689 547 746; x_wconf 72' lang='lat' dir='ltr'>t&#39;rtct&#39;ntla</span> <span class='ocrx_word' id='word_1_42' title='bbox 562 689 616 763; x_wconf 80' lang='lat' dir='ltr'>igni</span> <span class='ocrx_word' id='word_1_43' title='bbox 628 688 789 746; x_wconf 76' lang='lat' dir='ltr'>²t‘ttcedunt:</span> 
     </span>
     <span class='ocr_line' id='line_1_9' title="bbox 78 762 818 835; baseline 0.003 -14"><span class='ocrx_word' id='word_1_44' title='bbox 78 772 128 822; x_wconf 80' lang='lat' dir='ltr'>alii.</span> <span class='ocrx_word' id='word_1_45' title='bbox 306 762 485 835; x_wconf 78' lang='lat' dir='ltr'>circumstant</span> <span class='ocrx_word' id='word_1_46' title='bbox 500 785 559 823; x_wconf 87' lang='lat' dir='ltr'>cum</span> <span class='ocrx_word' id='word_1_47' title='bbox 574 765 726 822; x_wconf 75' lang='lat' dir='ltr'><em>ardentibus</em></span> <span class='ocrx_word' id='word_1_48' title='bbox 740 766 818 822; x_wconf 76' lang='lat' dir='ltr'>tedis.</span> 
     </span>
     <span class='ocr_line' id='line_1_10' title="bbox 227 834 1103 921; baseline 0.006 -24"><span class='ocrx_word' id='word_1_49' title='bbox 227 839 306 898; x_wconf 92' lang='lat' dir='ltr'>Num</span> <span class='ocrx_word' id='word_1_50' title='bbox 322 839 426 900; x_wconf 90' lang='lat' dir='ltr'>dubitas</span> <span class='ocrx_word' id='word_1_51' title='bbox 434 834 448 912; x_wconf 79' lang='grc'>,’</span> <span class='ocrx_word' id='word_1_52' title='bbox 462 842 530 917; x_wconf 90' lang='lat' dir='ltr'>quin</span> <span class='ocrx_word' id='word_1_53' title='bbox 545 840 592 899; x_wconf 88' lang='lat' dir='ltr'>fibi</span> <span class='ocrx_word' id='word_1_54' title='bbox 611 841 674 900; x_wconf 88' lang='lat' dir='ltr'>haec</span> <span class='ocrx_word' id='word_1_55' title='bbox 696 841 789 900; x_wconf 84' lang='lat' dir='ltr'>videre</span> <span class='ocrx_word' id='word_1_56' title='bbox 803 839 951 901; x_wconf 81' lang='lat' dir='ltr'>videatur?</span> <span class='ocrx_word' id='word_1_57' title='bbox 970 841 1103 921; x_wconf 82' lang='lat' dir='ltr'><strong>itemque</strong></span> 
     </span>
     <span class='ocr_line' id='line_1_11' title="bbox 229 929 342 975; baseline 0.009 -1"><span class='ocrx_word' id='word_1_58' title='bbox 229 929 342 975; x_wconf 89' lang='lat' dir='ltr'>cetera:</span> 
     </span>
     <span class='ocr_line' id='line_1_12' title="bbox 307 993 654 1070; baseline 0.003 -21"><span class='ocrx_word' id='word_1_59' title='bbox 307 994 425 1051; x_wconf 77' lang='lat' dir='ltr'>Intendit</span> <span class='ocrx_word' id='word_1_60' title='bbox 440 994 549 1051; x_wconf 81' lang='lat' dir='ltr'>crinitus</span> <span class='ocrx_word' id='word_1_61' title='bbox 562 993 654 1070; x_wconf 79' lang='lat' dir='ltr'><em>Apollo</em></span> 
     </span>
     <span class='ocr_line' id='line_1_13' title="bbox 79 1071 784 1143; baseline 0.003 -15"><span class='ocrx_word' id='word_1_62' title='bbox 79 1079 96 1128; x_wconf 88' lang='lat' dir='ltr'>b</span> <span class='ocrx_word' id='word_1_63' title='bbox 104 1097 158 1143; x_wconf 80' lang='lat' dir='ltr'>genu</span> <span class='ocrx_word' id='word_1_64' title='bbox 175 1085 220 1131; x_wconf 82' lang='lat' dir='ltr'>inn.</span> <span class='ocrx_word' id='word_1_65' title='bbox 308 1076 412 1127; x_wconf 80' lang='lat' dir='ltr'>Arcum</span> <span class='ocrx_word' id='word_1_66' title='bbox 424 1088 551 1128; x_wconf 84' lang='lat' dir='ltr'>auratum</span> <span class='ocrx_word' id='word_1_67' title='bbox 566 1071 784 1130; x_wconf 66' lang='lat' dir='ltr'>blandientem.</span> 
     </span>
     <span class='ocr_line' id='line_1_14' title="bbox 78 1145 698 1224; baseline 0.005 -22"><span class='ocrx_word' id='word_1_68' title='bbox 78 1145 163 1195; x_wconf 61' lang='lat' dir='ltr'>lamb·</span> <span class='ocrx_word' id='word_1_69' title='bbox 313 1146 401 1203; x_wconf 79' lang='lat' dir='ltr'>Diana</span> <span class='ocrx_word' id='word_1_70' title='bbox 411 1150 497 1218; x_wconf 83' lang='lat' dir='ltr'>facem</span> <span class='ocrx_word' id='word_1_71' title='bbox 505 1147 574 1224; x_wconf 77' lang='lat' dir='ltr'>jacit</span> <span class='ocrx_word' id='word_1_72' title='bbox 589 1147 608 1204; x_wconf 65' lang='lat' dir='ltr'><em>a</em></span> <span class='ocrx_word' id='word_1_73' title='bbox 625 1147 698 1205; x_wconf 79' lang='lat' dir='ltr'>leva.</span> 
     </span>
    </p>

    <p class='ocr_par' dir='ltr' id='par_1_4' title="bbox 183 1218 1106 1832">
     <span class='ocr_line' id='line_1_15' title="bbox 183 1218 1103 1314; baseline 0.007 -36"><span class='ocrx_word' id='word_1_74' title='bbox 183 1257 221 1314; x_wconf 82' lang='lat'>90</span> <span class='ocrx_word' id='word_1_75' title='bbox 269 1221 330 1297; x_wconf 87' lang='lat' dir='ltr'>Qul</span> <span class='ocrx_word' id='word_1_76' title='bbox 345 1225 430 1298; x_wconf 87' lang='lat' dir='ltr'>magis</span> <span class='ocrx_word' id='word_1_77' title='bbox 445 1225 505 1282; x_wconf 87' lang='lat' dir='ltr'>haec</span> <span class='ocrx_word' id='word_1_78' title='bbox 520 1224 665 1293; x_wconf 75' lang='lat' dir='ltr'>crederet,</span> <span class='ocrx_word' id='word_1_79' title='bbox 685 1218 802 1282; x_wconf 87' lang='lat' dir='ltr'>srelsent</span> <span class='ocrx_word' id='word_1_80' title='bbox 816 1232 830 1292; x_wconf 81' lang='lat'>‚&#39;</span> <span class='ocrx_word' id='word_1_81' title='bbox 845 1220 930 1298; x_wconf 82' lang='lat' dir='ltr'>quim</span> <span class='ocrx_word' id='word_1_82' title='bbox 951 1223 1103 1296; x_wconf 87' lang='lat' dir='ltr'>credebat,</span> 
     </span>
     <span class='ocr_line' id='line_1_16' title="bbox 230 1298 1103 1375; baseline 0.007 -20"><span class='ocrx_word' id='word_1_83' title='bbox 230 1299 294 1374; x_wconf 90' lang='lat' dir='ltr'>quia</span> <span class='ocrx_word' id='word_1_84' title='bbox 308 1298 488 1359; x_wconf 84' lang='lat' dir='ltr'>videbantur?</span> <span class='ocrx_word' id='word_1_85' title='bbox 509 1313 618 1375; x_wconf 88' lang='lat' dir='ltr'>apparet</span> <span class='ocrx_word' id='word_1_86' title='bbox 632 1303 705 1358; x_wconf 88' lang='lat' dir='ltr'>enim</span> <span class='ocrx_word' id='word_1_87' title='bbox 716 1301 775 1375; x_wconf 89' lang='lat' dir='ltr'>jam</span> <span class='ocrx_word' id='word_1_88' title='bbox 791 1316 840 1358; x_wconf 88' lang='lat' dir='ltr'>cot</span> <span class='ocrx_word' id='word_1_89' title='bbox 854 1316 920 1356; x_wconf 92' lang='lat' dir='ltr'>cum</span> <span class='ocrx_word' id='word_1_90' title='bbox 932 1300 1026 1359; x_wconf 88' lang='lat' dir='ltr'>oculis</span> <span class='ocrx_word' id='word_1_91' title='bbox 1034 1320 1103 1360; x_wconf 91' lang='lat' dir='ltr'>cuu-</span> 
     </span>
     <span class='ocr_line' id='line_1_17' title="bbox 229 1373 1103 1448; baseline 0.006 -16"><span class='ocrx_word' id='word_1_92' title='bbox 229 1375 336 1433; x_wconf 90' lang='lat' dir='ltr'>sentite.</span> <span class='ocrx_word' id='word_1_93' title='bbox 357 1377 451 1435; x_wconf 86' lang='lat' dir='ltr'>omnia</span> <span class='ocrx_word' id='word_1_94' title='bbox 459 1388 552 1435; x_wconf 88' lang='lat' dir='ltr'>autem</span> <span class='ocrx_word' id='word_1_95' title='bbox 567 1378 628 1434; x_wconf 84' lang='lat' dir='ltr'>laaec</span> <span class='ocrx_word' id='word_1_96' title='bbox 661 1373 1103 1448; x_wconf 86' lang='lat' dir='ltr'>roferuntur,utilludefficiatut,</span> 
     </span>
     <span class='ocr_line' id='line_1_18' title="bbox 231 1450 1104 1529; baseline 0.005 -21"><span class='ocrx_word' id='word_1_97' title='bbox 231 1469 291 1529; x_wconf 89' lang='lat' dir='ltr'>quo</span> <span class='ocrx_word' id='word_1_98' title='bbox 304 1453 401 1510; x_wconf 89' lang='lat' dir='ltr'>certius</span> <span class='ocrx_word' id='word_1_99' title='bbox 416 1454 482 1511; x_wconf 85' lang='lat' dir='ltr'>nihil</span> <span class='ocrx_word' id='word_1_100' title='bbox 496 1452 584 1527; x_wconf 89' lang='lat' dir='ltr'>potest</span> <span class='ocrx_word' id='word_1_101' title='bbox 612 1470 689 1511; x_wconf 86' lang='lat' dir='ltr'>ee:</span> <span class='ocrx_word' id='word_1_102' title='bbox 729 1453 798 1509; x_wconf 87' lang='lat' dir='ltr'>inter</span> <span class='ocrx_word' id='word_1_103' title='bbox 818 1450 871 1508; x_wconf 87' lang='lat' dir='ltr'>risa</span> <span class='ocrx_word' id='word_1_104' title='bbox 891 1466 956 1508; x_wconf 79' lang='lat' dir='ltr'>vera</span> <span class='ocrx_word' id='word_1_105' title='bbox 985 1454 1019 1511; x_wconf 76' lang='grc' dir='ltr'>δι</span> <span class='ocrx_word' id='word_1_106' title='bbox 1043 1452 1104 1511; x_wconf 77' lang='lat' dir='ltr'>falsa</span> 
     </span>
     <span class='ocr_line' id='line_1_19' title="bbox 232 1524 1104 1590; baseline 0.006 -8"><span class='ocrx_word' id='word_1_107' title='bbox 232 1527 266 1583; x_wconf 86' lang='lat' dir='ltr'>ad</span> <span class='ocrx_word' id='word_1_108' title='bbox 290 1529 376 1586; x_wconf 88' lang='lat' dir='ltr'>animi</span> <span class='ocrx_word' id='word_1_109' title='bbox 396 1525 527 1587; x_wconf 84' lang='lat' dir='ltr'>assensum</span> <span class='ocrx_word' id='word_1_110' title='bbox 559 1530 626 1590; x_wconf 90' lang='lat' dir='ltr'>nihil</span> <span class='ocrx_word' id='word_1_111' title='bbox 659 1524 791 1586; x_wconf 85' lang='lat' dir='ltr'>interesse.</span> <span class='ocrx_word' id='word_1_112' title='bbox 829 1528 890 1585; x_wconf 86' lang='lat' dir='ltr'>Vos</span> <span class='ocrx_word' id='word_1_113' title='bbox 913 1539 1014 1586; x_wconf 88' lang='lat' dir='ltr'>autem</span> <span class='ocrx_word' id='word_1_114' title='bbox 1036 1526 1104 1587; x_wconf 89' lang='lat' dir='ltr'>nihil</span> 
     </span>
     <span class='ocr_line' id='line_1_20' title="bbox 232 1601 1103 1678; baseline 0.002 -17"><span class='ocrx_word' id='word_1_115' title='bbox 232 1604 325 1678; x_wconf 84' lang='lat' dir='ltr'>agitis,</span> <span class='ocrx_word' id='word_1_116' title='bbox 345 1602 409 1662; x_wconf 80' lang='lat' dir='ltr'>cum</span> <span class='ocrx_word' id='word_1_117' title='bbox 424 1605 484 1663; x_wconf 81' lang='lat' dir='ltr'>salsa</span> <span class='ocrx_word' id='word_1_118' title='bbox 498 1606 541 1663; x_wconf 82' lang='lat' dir='ltr'>illa</span> <span class='ocrx_word' id='word_1_119' title='bbox 556 1606 601 1663; x_wconf 88' lang='lat' dir='ltr'>vel</span> <span class='ocrx_word' id='word_1_120' title='bbox 616 1605 798 1674; x_wconf 86' lang='lat' dir='ltr'>furiosorum,</span> <span class='ocrx_word' id='word_1_121' title='bbox 818 1603 863 1660; x_wconf 85' lang='lat' dir='ltr'>vel</span> <span class='ocrx_word' id='word_1_122' title='bbox 875 1601 1103 1674; x_wconf 82' lang='lat' dir='ltr'>somniantium,</span> 
     </span>
     <span class='ocr_line' id='line_1_21' title="bbox 232 1679 1105 1757; baseline 0.002 -19"><span class='ocrx_word' id='word_1_123' title='bbox 232 1680 423 1739; x_wconf 76' lang='lat' dir='ltr'>recordatione</span> <span class='ocrx_word' id='word_1_124' title='bbox 436 1682 555 1757; x_wconf 91' lang='lat' dir='ltr'>ipsorum</span> <span class='ocrx_word' id='word_1_125' title='bbox 571 1682 698 1739; x_wconf 84' lang='lat' dir='ltr'>refellitis.</span> <span class='ocrx_word' id='word_1_126' title='bbox 736 1681 884 1739; x_wconf 89' lang='lat' dir='ltr'>nonenim</span> <span class='ocrx_word' id='word_1_127' title='bbox 900 1679 929 1738; x_wconf 92' lang='lat' dir='ltr'>id</span> <span class='ocrx_word' id='word_1_128' title='bbox 949 1682 1105 1755; x_wconf 84' lang='lat' dir='ltr'>quaen&#39;tut,</span> 
     </span>
     <span class='ocr_line' id='line_1_22' title="bbox 232 1755 1106 1832; baseline 0.002 -19"><span class='ocrx_word' id='word_1_129' title='bbox 232 1757 319 1832; x_wconf 86' lang='lat' dir='ltr'>qualis</span> <span class='ocrx_word' id='word_1_130' title='bbox 334 1756 487 1816; x_wconf 84' lang='lat' dir='ltr'>recordatio</span> <span class='ocrx_word' id='word_1_131' title='bbox 501 1758 559 1816; x_wconf 88' lang='lat' dir='ltr'>fieri</span> <span class='ocrx_word' id='word_1_132' title='bbox 572 1758 657 1816; x_wconf 90' lang='lat' dir='ltr'>soleat</span> <span class='ocrx_word' id='word_1_133' title='bbox 670 1775 786 1826; x_wconf 89' lang='lat' dir='ltr'>eorum,</span> <span class='ocrx_word' id='word_1_134' title='bbox 805 1756 853 1831; x_wconf 89' lang='lat' dir='ltr'>qui</span> <span class='ocrx_word' id='word_1_135' title='bbox 868 1755 1025 1830; x_wconf 68' lang='lat' dir='ltr'>expettedli</span> <span class='ocrx_word' id='word_1_136' title='bbox 1037 1758 1106 1816; x_wconf 75' lang='lat' dir='ltr'>sunt:</span> 
     </span>
    </p>

    <p class='ocr_par' dir='ltr' id='par_1_5' title="bbox 84 1830 1103 2045">
     <span class='ocr_line' id='line_1_23' title="bbox 86 1830 1103 1910; baseline -0.007 -12"><span class='ocrx_word' id='word_1_137' title='bbox 86 1853 124 1900; x_wconf 69' lang='lat' dir='ltr'>r.</span> <span class='ocrx_word' id='word_1_138' title='bbox 140 1845 412 1904; x_wconf 70' lang='lat' dir='ltr'>xx111.‘auteorum,</span> <span class='ocrx_word' id='word_1_139' title='bbox 432 1836 479 1910; x_wconf 93' lang='lat' dir='ltr'>qui</span> <span class='ocrx_word' id='word_1_140' title='bbox 495 1833 783 1892; x_wconf 80' lang='lat' dir='ltr'>furerecdestiterunt:</span> <span class='ocrx_word' id='word_1_141' title='bbox 802 1831 847 1890; x_wconf 86' lang='lat' dir='ltr'>sed</span> <span class='ocrx_word' id='word_1_142' title='bbox 861 1830 947 1907; x_wconf 85' lang='lat' dir='ltr'>qualis</span> <span class='ocrx_word' id='word_1_143' title='bbox 960 1832 1103 1893; x_wconf 87' lang='lat' dir='ltr'>viliofue·</span> 
     </span>
     <span class='ocr_line' id='line_1_24' title="bbox 84 1907 1103 1986; baseline 0.004 -20"><span class='ocrx_word' id='word_1_144' title='bbox 84 1926 99 1962; x_wconf 79' lang='lat' dir='ltr'>c</span> <span class='ocrx_word' id='word_1_145' title='bbox 114 1911 206 1986; x_wconf 57' lang='lat' dir='ltr'>delites</span> <span class='ocrx_word' id='word_1_146' title='bbox 237 1910 270 1966; x_wconf 89' lang='lat' dir='ltr'>rit</span> <span class='ocrx_word' id='word_1_147' title='bbox 285 1922 331 1968; x_wconf 85' lang='lat' dir='ltr'>aut</span> <span class='ocrx_word' id='word_1_148' title='bbox 346 1910 512 1979; x_wconf 88' lang='lat' dir='ltr'>furentium,</span> <span class='ocrx_word' id='word_1_149' title='bbox 533 1923 579 1969; x_wconf 91' lang='lat' dir='ltr'>aut</span> <span class='ocrx_word' id='word_1_150' title='bbox 592 1910 788 1969; x_wconf 81' lang='lat' dir='ltr'>somniantium</span> <span class='ocrx_word' id='word_1_151' title='bbox 802 1922 862 1967; x_wconf 90' lang='lat' dir='ltr'>tum</span> <span class='ocrx_word' id='word_1_152' title='bbox 872 1907 952 1976; x_wconf 74' lang='lat' dir='ltr'>,chm</span> <span class='ocrx_word' id='word_1_153' title='bbox 969 1926 1103 1970; x_wconf 88' lang='lat' dir='ltr'>commo·</span> 
     </span>
     <span class='ocr_line' id='line_1_25' title="bbox 85 1976 702 2045; baseline 0.003 -2"><span class='ocrx_word' id='word_1_154' title='bbox 85 1989 139 2028; x_wconf 60' lang='lat'><strong>1¹¹⁰*</strong></span> <span class='ocrx_word' id='word_1_155' title='bbox 155 1976 205 2023; x_wconf 78' lang='lat'>⁴²¹⁸·</span> <span class='ocrx_word' id='word_1_156' title='bbox 236 1986 376 2045; x_wconf 75' lang='lat' dir='ltr'>rebantur.</span> <span class='ocrx_word' id='word_1_157' title='bbox 396 1987 449 2045; x_wconf 89' lang='lat' dir='ltr'>Sed</span> <span class='ocrx_word' id='word_1_158' title='bbox 464 1988 533 2045; x_wconf 87' lang='lat' dir='ltr'>abeo</span> <span class='ocrx_word' id='word_1_159' title='bbox 549 1985 702 2045; x_wconf 73' lang='lat' dir='ltr'>iriensibus.</span> 
     </span>
    </p>

    <p class='ocr_par' dir='ltr' id='par_1_6' title="bbox 188 2060 1118 2436">
     <span class='ocr_line' id='line_1_26' title="bbox 188 2060 1118 2146; baseline 0.001 -26"><span class='ocrx_word' id='word_1_160' title='bbox 188 2087 223 2146; x_wconf 86' lang='lat'>91</span> <span class='ocrx_word' id='word_1_161' title='bbox 276 2062 352 2136; x_wconf 87' lang='lat' dir='ltr'>Quid</span> <span class='ocrx_word' id='word_1_162' title='bbox 366 2063 436 2131; x_wconf 72' lang='lat' dir='ltr'>“ell,</span> <span class='ocrx_word' id='word_1_163' title='bbox 475 2064 532 2121; x_wconf 91' lang='lat' dir='ltr'>uod</span> <span class='ocrx_word' id='word_1_164' title='bbox 552 2064 657 2121; x_wconf 88' lang='lat' dir='ltr'>ratione</span> <span class='ocrx_word' id='word_1_165' title='bbox 678 2063 780 2138; x_wconf 90' lang='lat' dir='ltr'>percipi</span> <span class='ocrx_word' id='word_1_166' title='bbox 799 2060 905 2137; x_wconf 84' lang='lat' dir='ltr'>poffit?</span> <span class='ocrx_word' id='word_1_167' title='bbox 925 2060 1118 2121; x_wconf 72' lang='lat' dir='ltr'>dialecticam·</span> 
     </span>
     <span class='ocr_line' id='line_1_27' title="bbox 235 2082 1100 2213; baseline 0.001 -17"><span class='ocrx_word' id='word_1_168' title='bbox 235 2140 378 2196; x_wconf 89' lang='lat' dir='ltr'>inventam</span> <span class='ocrx_word' id='word_1_169' title='bbox 393 2082 570 2206; x_wconf 50' lang='lat' dir='ltr'>essedicitis,</span> <span class='ocrx_word' id='word_1_170' title='bbox 589 2140 648 2197; x_wconf 88' lang='lat' dir='ltr'>veri</span> <span class='ocrx_word' id='word_1_171' title='bbox 669 2142 698 2197; x_wconf 72' lang='grc' dir='ltr'>ὃ(</span> <span class='ocrx_word' id='word_1_172' title='bbox 714 2138 770 2197; x_wconf 81' lang='lat' dir='ltr'>salsi</span> <span class='ocrx_word' id='word_1_173' title='bbox 785 2136 861 2213; x_wconf 84' lang='lat' dir='ltr'>quast</span> <span class='ocrx_word' id='word_1_174' title='bbox 880 2136 1100 2212; x_wconf 86' lang='lat' dir='ltr'>disceptatricem</span> 
     </span>
     <span class='ocr_line' id='line_1_28' title="bbox 237 2211 1102 2289; baseline 0 -15"><span class='ocrx_word' id='word_1_175' title='bbox 237 2217 266 2274; x_wconf 74' lang='grc' dir='ltr'>δι</span> <span class='ocrx_word' id='word_1_176' title='bbox 276 2215 409 2289; x_wconf 89' lang='lat' dir='ltr'>judicem.</span> <span class='ocrx_word' id='word_1_177' title='bbox 430 2215 505 2289; x_wconf 78' lang='lat' dir='ltr'>cujus</span> <span class='ocrx_word' id='word_1_178' title='bbox 519 2216 575 2272; x_wconf 82' lang='lat' dir='ltr'>veti</span> <span class='ocrx_word' id='word_1_179' title='bbox 592 2217 621 2273; x_wconf 89' lang='lat'>&amp;</span> <span class='ocrx_word' id='word_1_180' title='bbox 631 2214 708 2273; x_wconf 87' lang='lat' dir='ltr'>falfi?</span> <span class='ocrx_word' id='word_1_181' title='bbox 728 2216 758 2272; x_wconf 63' lang='grc' dir='ltr'>ἃ</span> <span class='ocrx_word' id='word_1_182' title='bbox 770 2215 799 2271; x_wconf 89' lang='lat' dir='ltr'>in</span> <span class='ocrx_word' id='word_1_183' title='bbox 813 2230 867 2288; x_wconf 86' lang='lat' dir='ltr'>qua</span> <span class='ocrx_word' id='word_1_184' title='bbox 881 2230 910 2269; x_wconf 91' lang='lat' dir='ltr'>re</span> <span class='ocrx_word' id='word_1_185' title='bbox 920 2211 970 2272; x_wconf 91' lang='lat' dir='ltr'>?in</span> <span class='ocrx_word' id='word_1_186' title='bbox 986 2230 1102 2289; x_wconf 83' lang='lat' dir='ltr'>geome·</span> 
     </span>
     <span class='ocr_line' id='line_1_29' title="bbox 236 2289 1102 2366; baseline 0.001 -19"><span class='ocrx_word' id='word_1_187' title='bbox 236 2291 322 2348; x_wconf 83' lang='lat' dir='ltr'>triane</span> <span class='ocrx_word' id='word_1_188' title='bbox 348 2291 414 2366; x_wconf 89' lang='lat' dir='ltr'>quid</span> <span class='ocrx_word' id='word_1_189' title='bbox 440 2291 471 2350; x_wconf 88' lang='lat' dir='ltr'>srt</span> <span class='ocrx_word' id='word_1_190' title='bbox 500 2309 597 2348; x_wconf 90' lang='lat' dir='ltr'>verum</span> <span class='ocrx_word' id='word_1_191' title='bbox 629 2292 672 2348; x_wconf 90' lang='lat' dir='ltr'>vel</span> <span class='ocrx_word' id='word_1_192' title='bbox 696 2290 789 2348; x_wconf 89' lang='lat' dir='ltr'>sallum</span> <span class='ocrx_word' id='word_1_193' title='bbox 815 2289 970 2347; x_wconf 78' lang='lat' dir='ltr'>dialeoicus</span> <span class='ocrx_word' id='word_1_194' title='bbox 997 2291 1102 2366; x_wconf 86' lang='lat' dir='ltr'>judica·</span> 
     </span>
     <span class='ocr_line' id='line_1_30' title="bbox 236 2364 1098 2436; baseline 0 -12"><span class='ocrx_word' id='word_1_195' title='bbox 236 2367 292 2433; x_wconf 88' lang='lat' dir='ltr'>bit,</span> <span class='ocrx_word' id='word_1_196' title='bbox 312 2384 347 2424; x_wconf 87' lang='lat' dir='ltr'>arr</span> <span class='ocrx_word' id='word_1_197' title='bbox 361 2368 388 2425; x_wconf 92' lang='lat' dir='ltr'>in</span> <span class='ocrx_word' id='word_1_198' title='bbox 403 2367 513 2436; x_wconf 85' lang='lat' dir='ltr'>litteris,</span> <span class='ocrx_word' id='word_1_199' title='bbox 533 2368 621 2425; x_wconf 89' lang='lat' dir='ltr'>autin</span> <span class='ocrx_word' id='word_1_200' title='bbox 637 2364 762 2424; x_wconf 82' lang='lat' dir='ltr'>musicis?</span> <span class='ocrx_word' id='word_1_201' title='bbox 783 2366 822 2423; x_wconf 81' lang='lat' dir='ltr'>At</span> <span class='ocrx_word' id='word_1_202' title='bbox 836 2381 868 2421; x_wconf 89' lang='lat' dir='ltr'>ea</span> <span class='ocrx_word' id='word_1_203' title='bbox 882 2383 940 2422; x_wconf 87' lang='lat' dir='ltr'>non</span> <span class='ocrx_word' id='word_1_204' title='bbox 956 2368 1049 2425; x_wconf 91' lang='lat' dir='ltr'>novit.</span> <span class='ocrx_word' id='word_1_205' title='bbox 1068 2365 1098 2424; x_wconf 88' lang='lat' dir='ltr'>lu</span> 
     </span>
    </p>

    <p class='ocr_par' dir='ltr' id='par_1_7' title="bbox 88 2440 1109 3035">
     <span class='ocr_line' id='line_1_31' title="bbox 88 2440 1101 2523; baseline 0.001 -23"><span class='ocrx_word' id='word_1_206' title='bbox 88 2459 104 2508; x_wconf 82' lang='lat' dir='ltr'>d</span> <span class='ocrx_word' id='word_1_207' title='bbox 119 2457 202 2523; x_wconf 67' lang='lat' dir='ltr'>tgttma</span> <span class='ocrx_word' id='word_1_208' title='bbox 224 2440 405 2517; x_wconf 19' lang='lat' dir='ltr'>*philosophia</span> <span class='ocrx_word' id='word_1_209' title='bbox 420 2440 536 2519; x_wconf 80' lang='lat' dir='ltr'>digitur:</span> <span class='ocrx_word' id='word_1_210' title='bbox 557 2443 595 2500; x_wconf 93' lang='lat' dir='ltr'>sol</span> <span class='ocrx_word' id='word_1_211' title='bbox 609 2441 853 2517; x_wconf 84' lang='lat' dir='ltr'>quantusstt‚quid</span> <span class='ocrx_word' id='word_1_212' title='bbox 867 2441 902 2499; x_wconf 88' lang='lat' dir='ltr'>ad</span> <span class='ocrx_word' id='word_1_213' title='bbox 915 2441 995 2499; x_wconf 90' lang='lat' dir='ltr'>illum</span> <span class='ocrx_word' id='word_1_214' title='bbox 1005 2440 1101 2519; x_wconf 82' lang='lat' dir='ltr'>?quod</span> 
     </span>
     <span class='ocr_line' id='line_1_32' title="bbox 88 2512 1101 2596; baseline 0.003 -22"><span class='ocrx_word' id='word_1_215' title='bbox 88 2525 169 2596; x_wconf 70' lang='lat' dir='ltr'>tamt.</span> <span class='ocrx_word' id='word_1_216' title='bbox 237 2518 269 2576; x_wconf 91' lang='lat' dir='ltr'>fit</span> <span class='ocrx_word' id='word_1_217' title='bbox 281 2517 421 2577; x_wconf 91' lang='lat' dir='ltr'>summum</span> <span class='ocrx_word' id='word_1_218' title='bbox 435 2520 559 2588; x_wconf 86' lang='lat' dir='ltr'>bonum,</span> <span class='ocrx_word' id='word_1_219' title='bbox 579 2518 646 2595; x_wconf 91' lang='lat' dir='ltr'>quid</span> <span class='ocrx_word' id='word_1_220' title='bbox 667 2518 771 2587; x_wconf 87' lang='lat' dir='ltr'>habet,</span> <span class='ocrx_word' id='word_1_221' title='bbox 799 2529 828 2574; x_wconf 92' lang='lat' dir='ltr'>ut</span> <span class='ocrx_word' id='word_1_222' title='bbox 848 2528 930 2592; x_wconf 88' lang='lat' dir='ltr'>queat</span> <span class='ocrx_word' id='word_1_223' title='bbox 948 2512 1101 2591; x_wconf 77' lang='lat' dir='ltr'>judicare?</span> 
     </span>
     <span class='ocr_line' id='line_1_33' title="bbox 238 2593 1109 2672; baseline 0.003 -21"><span class='ocrx_word' id='word_1_224' title='bbox 238 2594 305 2669; x_wconf 91' lang='lat' dir='ltr'>quid</span> <span class='ocrx_word' id='word_1_225' title='bbox 319 2596 399 2669; x_wconf 84' lang='lat' dir='ltr'>igitur</span> <span class='ocrx_word' id='word_1_226' title='bbox 409 2595 569 2671; x_wconf 87' lang='lat' dir='ltr'>judicabit?</span> <span class='ocrx_word' id='word_1_227' title='bbox 590 2613 654 2672; x_wconf 84' lang='lat' dir='ltr'>quae</span> <span class='ocrx_word' id='word_1_228' title='bbox 676 2593 836 2665; x_wconf 76' lang='lat' dir='ltr'>conjunctio</span> <span class='ocrx_word' id='word_1_229' title='bbox 852 2634 860 2660; x_wconf 85' lang='lat'>‚</span> <span class='ocrx_word' id='word_1_230' title='bbox 879 2610 944 2668; x_wconf 84' lang='lat' dir='ltr'>quae</span> <span class='ocrx_word' id='word_1_231' title='bbox 966 2593 1109 2670; x_wconf 75' lang='lat' dir='ltr'>dijundliu</span> 
     </span>
     <span class='ocr_line' id='line_1_34' title="bbox 237 2668 1102 2748; baseline 0.002 -21"><span class='ocrx_word' id='word_1_232' title='bbox 237 2688 302 2728; x_wconf 87' lang='lat' dir='ltr'>vera</span> <span class='ocrx_word' id='word_1_233' title='bbox 317 2670 364 2739; x_wconf 86' lang='lat' dir='ltr'>sit,</span> <span class='ocrx_word' id='word_1_234' title='bbox 384 2672 451 2748; x_wconf 91' lang='lat' dir='ltr'>quid</span> <span class='ocrx_word' id='word_1_235' title='bbox 464 2672 591 2747; x_wconf 70' lang='lat' dir='ltr'>ambigue</span> <span class='ocrx_word' id='word_1_236' title='bbox 598 2672 702 2730; x_wconf 76' lang='lat' dir='ltr'>dictum</span> <span class='ocrx_word' id='word_1_237' title='bbox 717 2669 765 2739; x_wconf 85' lang='lat' dir='ltr'>sit,</span> <span class='ocrx_word' id='word_1_238' title='bbox 784 2668 851 2744; x_wconf 90' lang='lat' dir='ltr'>quid</span> <span class='ocrx_word' id='word_1_239' title='bbox 863 2668 990 2743; x_wconf 89' lang='lat' dir='ltr'>sequatur</span> <span class='ocrx_word' id='word_1_240' title='bbox 1023 2688 1102 2729; x_wconf 88' lang='lat' dir='ltr'>uam·</span> 
     </span>
     <span class='ocr_line' id='line_1_35' title="bbox 238 2688 1103 2824; baseline 0.006 -22"><span class='ocrx_word' id='word_1_241' title='bbox 238 2764 393 2821; x_wconf 79' lang='lat' dir='ltr'>querum,</span> <span class='ocrx_word' id='word_1_242' title='bbox 432 2748 498 2824; x_wconf 91' lang='lat' dir='ltr'>quid</span> <span class='ocrx_word' id='word_1_243' title='bbox 519 2746 679 2823; x_wconf 81' lang='lat' dir='ltr'>repugnet?</span> <span class='ocrx_word' id='word_1_244' title='bbox 704 2746 724 2804; x_wconf 89' lang='lat' dir='ltr'>st</span> <span class='ocrx_word' id='word_1_245' title='bbox 745 2747 805 2803; x_wconf 86' lang='lat' dir='ltr'>haec</span> <span class='ocrx_word' id='word_1_246' title='bbox 832 2746 861 2802; x_wconf 90' lang='lat'>&amp;</span> <span class='ocrx_word' id='word_1_247' title='bbox 882 2745 984 2803; x_wconf 87' lang='lat' dir='ltr'>horum</span> <span class='ocrx_word' id='word_1_248' title='bbox 1004 2688 1103 2807; x_wconf 52' lang='lat' dir='ltr'>lolia</span> 
     </span>
     <span class='ocr_line' id='line_1_36' title="bbox 152 2819 1102 2898; baseline 0.003 -19"><span class='ocrx_word' id='word_1_249' title='bbox 152 2859 154 2865; x_wconf 89' lang='lat'><em>·</em></span> <span class='ocrx_word' id='word_1_250' title='bbox 235 2822 357 2898; x_wconf 87' lang='lat' dir='ltr'>judicat,</span> <span class='ocrx_word' id='word_1_251' title='bbox 377 2825 451 2882; x_wconf 87' lang='lat' dir='ltr'>dele</span> <span class='ocrx_word' id='word_1_252' title='bbox 467 2824 520 2898; x_wconf 86' lang='lat' dir='ltr'>ipsa</span> <span class='ocrx_word' id='word_1_253' title='bbox 531 2824 643 2898; x_wconf 87' lang='lat' dir='ltr'>judicat.</span> <span class='ocrx_word' id='word_1_254' title='bbox 663 2823 720 2896; x_wconf 88' lang='lat' dir='ltr'>plus</span> <span class='ocrx_word' id='word_1_255' title='bbox 735 2834 827 2880; x_wconf 88' lang='lat' dir='ltr'>autem</span> <span class='ocrx_word' id='word_1_256' title='bbox 835 2819 1022 2896; x_wconf 89' lang='lat' dir='ltr'>pollicebatur.</span> <span class='ocrx_word' id='word_1_257' title='bbox 1038 2838 1102 2882; x_wconf 87' lang='lat' dir='ltr'>natu</span> 
     </span>
     <span class='ocr_line' id='line_1_37' title="bbox 238 2895 1106 3035; baseline -0.001 -77"><span class='ocrx_word' id='word_1_258' title='bbox 238 2902 301 2958; x_wconf 86' lang='lat' dir='ltr'>haec</span> <span class='ocrx_word' id='word_1_259' title='bbox 316 2900 429 2977; x_wconf 86' lang='lat' dir='ltr'>quidem</span> <span class='ocrx_word' id='word_1_260' title='bbox 438 2901 561 2977; x_wconf 87' lang='lat' dir='ltr'>judicare</span> <span class='ocrx_word' id='word_1_261' title='bbox 575 2900 610 2957; x_wconf 89' lang='lat' dir='ltr'>ad</span> <span class='ocrx_word' id='word_1_262' title='bbox 623 2912 725 2958; x_wconf 87' lang='lat' dir='ltr'>ceteras</span> <span class='ocrx_word' id='word_1_263' title='bbox 740 2916 797 2967; x_wconf 89' lang='lat' dir='ltr'>res,</span> <span class='ocrx_word' id='word_1_264' title='bbox 817 2895 955 2973; x_wconf 85' lang='lat' dir='ltr'>quaesunt</span> <span class='ocrx_word' id='word_1_265' title='bbox 968 2896 998 2956; x_wconf 91' lang='lat' dir='ltr'>in</span> <span class='ocrx_word' id='word_1_266' title='bbox 1012 2898 1106 3035; x_wconf 43' lang='lat' dir='ltr'>Phlig-⁸</span> 
     </span>
    </p>

    <p class='ocr_par' dir='ltr' id='par_1_8' title="bbox 537 2992 1063 3051">
     <span class='ocr_line' id='line_1_38' title="bbox 537 2992 1063 3051; baseline 0 -26"><span class='ocrx_word' id='word_1_267' title='bbox 537 3018 542 3025; x_wconf 83' lang='grc'><em>,</em></span> <span class='ocrx_word' id='word_1_268' title='bbox 1023 2992 1063 3051; x_wconf 80' lang='lat' dir='ltr'>op</span> 
     </span>
    </p>
   </div>
   <div class='ocr_carea' id='block_1_4' title="bbox 166 3136 1136 3453">
    <p class='ocr_par' dir='ltr' id='par_1_9' title="bbox 272 3136 1107 3202">
     <span class='ocr_line' id='line_1_39' title="bbox 272 3136 1107 3202; baseline 0.001 -12"><span class='ocrx_word' id='word_1_269' title='bbox 272 3156 308 3197; x_wconf 82' lang='lat'>15·</span> <span class='ocrx_word' id='word_1_270' title='bbox 324 3142 424 3197; x_wconf 71' lang='lat' dir='ltr'>Intende,</span> <span class='ocrx_word' id='word_1_271' title='bbox 440 3141 542 3197; x_wconf 70' lang='lat' dir='ltr'>incende]</span> <span class='ocrx_word' id='word_1_272' title='bbox 553 3136 615 3188; x_wconf 72' lang='lat' dir='ltr'>Non</span> <span class='ocrx_word' id='word_1_273' title='bbox 626 3137 698 3188; x_wconf 77' lang='lat' dir='ltr'>ausim</span> <span class='ocrx_word' id='word_1_274' title='bbox 711 3137 849 3202; x_wconf 87' lang='lat' dir='ltr'>improbare.</span> <span class='ocrx_word' id='word_1_275' title='bbox 880 3136 983 3186; x_wconf 84' lang='lat' dir='ltr'>fortallis</span> <span class='ocrx_word' id='word_1_276' title='bbox 994 3140 1060 3190; x_wconf 88' lang='lat' dir='ltr'>enlm</span> <span class='ocrx_word' id='word_1_277' title='bbox 1070 3138 1107 3191; x_wconf 67' lang='lat' dir='ltr'>fite</span> 
     </span>
    </p>

    <p class='ocr_par' dir='ltr' id='par_1_10' title="bbox 166 3199 1108 3267">
     <span class='ocr_line' id='line_1_40' title="bbox 166 3199 1108 3267; baseline 0.001 -15"><span class='ocrx_word' id='word_1_278' title='bbox 166 3236 170 3246; x_wconf 84' lang='lat'><em>·</em></span> <span class='ocrx_word' id='word_1_279' title='bbox 182 3256 185 3260; x_wconf 65' lang='grc'>,</span> <span class='ocrx_word' id='word_1_280' title='bbox 239 3204 285 3252; x_wconf 88' lang='lat' dir='ltr'>rias</span> <span class='ocrx_word' id='word_1_281' title='bbox 295 3204 342 3267; x_wconf 86' lang='lat' dir='ltr'>ipse</span> <span class='ocrx_word' id='word_1_282' title='bbox 355 3205 401 3261; x_wconf 78' lang='lat' dir='ltr'>iam</span> <span class='ocrx_word' id='word_1_283' title='bbox 413 3217 492 3252; x_wconf 89' lang='lat' dir='ltr'>mente</span> <span class='ocrx_word' id='word_1_284' title='bbox 503 3216 582 3266; x_wconf 84' lang='lat' dir='ltr'>captus</span> <span class='ocrx_word' id='word_1_285' title='bbox 593 3203 720 3266; x_wconf 89' lang='lat' dir='ltr'>alloquitur</span> <span class='ocrx_word' id='word_1_286' title='bbox 736 3204 760 3250; x_wconf 91' lang='lat' dir='ltr'>in</span> <span class='ocrx_word' id='word_1_287' title='bbox 776 3202 811 3250; x_wconf 89' lang='lat' dir='ltr'>his</span> <span class='ocrx_word' id='word_1_288' title='bbox 827 3199 901 3250; x_wconf 86' lang='lat' dir='ltr'>verbis</span> <span class='ocrx_word' id='word_1_289' title='bbox 913 3235 920 3256; x_wconf 92' lang='lat'><strong>‚</strong></span> <span class='ocrx_word' id='word_1_290' title='bbox 937 3205 1029 3251; x_wconf 69' lang='lat' dir='ltr'>cerulea</span> <span class='ocrx_word' id='word_1_291' title='bbox 1039 3207 1108 3253; x_wconf 53' lang='lat' dir='ltr'>ind*</span> 
     </span>
    </p>

    <p class='ocr_par' dir='ltr' id='par_1_11' title="bbox 239 3263 1136 3393">
     <span class='ocr_line' id='line_1_41' title="bbox 239 3263 1107 3329; baseline 0.002 -17"><span class='ocrx_word' id='word_1_292' title='bbox 239 3270 275 3314; x_wconf 60' lang='lat' dir='ltr'>tta</span> <span class='ocrx_word' id='word_1_293' title='bbox 287 3272 333 3327; x_wconf 76' lang='lat' dir='ltr'>igni</span> <span class='ocrx_word' id='word_1_294' title='bbox 343 3268 462 3317; x_wconf 71' lang='lat' dir='ltr'>incendunt.</span> <span class='ocrx_word' id='word_1_295' title='bbox 495 3268 594 3313; x_wconf 75' lang='lat' dir='ltr'>Incedunt</span> <span class='ocrx_word' id='word_1_296' title='bbox 605 3279 654 3315; x_wconf 84' lang='lat' dir='ltr'>erat</span> <span class='ocrx_word' id='word_1_297' title='bbox 664 3267 689 3314; x_wconf 89' lang='lat' dir='ltr'>in</span> <span class='ocrx_word' id='word_1_298' title='bbox 699 3277 746 3315; x_wconf 85' lang='lat' dir='ltr'>vet.</span> <span class='ocrx_word' id='word_1_299' title='bbox 762 3265 823 3312; x_wconf 89' lang='lat' dir='ltr'>libro</span> <span class='ocrx_word' id='word_1_300' title='bbox 834 3269 888 3315; x_wconf 87' lang='lat' dir='ltr'>car.</span> <span class='ocrx_word' id='word_1_301' title='bbox 900 3263 1025 3327; x_wconf 82' lang='lat' dir='ltr'>stephani,</span> <span class='ocrx_word' id='word_1_302' title='bbox 1042 3265 1107 3329; x_wconf 78' lang='lat' dir='ltr'>qubd</span> 
     </span>
     <span class='ocr_line' id='line_1_42' title="bbox 240 3325 1136 3393; baseline 0.006 -17"><span class='ocrx_word' id='word_1_303' title='bbox 240 3331 317 3392; x_wconf 84' lang='lat' dir='ltr'>magis</span> <span class='ocrx_word' id='word_1_304' title='bbox 328 3331 453 3378; x_wconf 88' lang='lat' dir='ltr'>conveniat</span> <span class='ocrx_word' id='word_1_305' title='bbox 462 3343 516 3379; x_wconf 84' lang='lat' dir='ltr'>cum</span> <span class='ocrx_word' id='word_1_306' title='bbox 529 3328 640 3393; x_wconf 87' lang='lat' dir='ltr'>sequente</span> <span class='ocrx_word' id='word_1_307' title='bbox 650 3327 721 3377; x_wconf 86' lang='lat' dir='ltr'>versu.</span> <span class='ocrx_word' id='word_1_308' title='bbox 753 3325 886 3376; x_wconf 78' lang='lat' dir='ltr'>Plutarchus</span> <span class='ocrx_word' id='word_1_309' title='bbox 897 3338 978 3376; x_wconf 86' lang='lat' dir='ltr'>tamen</span> <span class='ocrx_word' id='word_1_310' title='bbox 994 3329 1020 3377; x_wconf 90' lang='lat' dir='ltr'>in</span> <span class='ocrx_word' id='word_1_311' title='bbox 1032 3329 1109 3379; x_wconf 84' lang='lat' dir='ltr'>culo·</span> <span class='ocrx_word' id='word_1_312' title='bbox 1131 3336 1136 3381; x_wconf 96' lang='lat' dir='ltr'>l</span> 
     </span>
    </p>

    <p class='ocr_par' dir='ltr' id='par_1_12' title="bbox 238 3391 1109 3453">
     <span class='ocr_line' id='line_1_43' title="bbox 238 3391 1109 3453; baseline 0.003 -13"><span class='ocrx_word' id='word_1_313' title='bbox 238 3405 290 3440; x_wconf 86' lang='lat' dir='ltr'>tem</span> <span class='ocrx_word' id='word_1_314' title='bbox 301 3406 330 3439; x_wconf 81' lang='lat' dir='ltr'>ex</span> <span class='ocrx_word' id='word_1_315' title='bbox 343 3392 500 3449; x_wconf 81' lang='lat' dir='ltr'>Alcmaeoue,</span> <span class='ocrx_word' id='word_1_316' title='bbox 520 3405 545 3441; x_wconf 92' lang='lat' dir='ltr'>ut</span> <span class='ocrx_word' id='word_1_317' title='bbox 557 3393 664 3449; x_wconf 89' lang='lat' dir='ltr'>videtut,</span> <span class='ocrx_word' id='word_1_318' title='bbox 680 3391 755 3445; x_wconf 80' lang='lat' dir='ltr'>citat:</span> <span class='ocrx_word' id='word_1_319' title='bbox 770 3392 819 3443; x_wconf 68' lang='lat' dir='ltr'>Kal</span> <span class='ocrx_word' id='word_1_320' title='bbox 833 3392 859 3443; x_wconf 76' lang='lat' dir='ltr'>tl</span> <span class='ocrx_word' id='word_1_321' title='bbox 875 3392 1021 3453; x_wconf 65' lang='lat' dir='ltr'>naddapiptr</span> <span class='ocrx_word' id='word_1_322' title='bbox 1033 3407 1109 3451; x_wconf 68' lang='grc' dir='ltr'>μω·</span> 
     </span>
    </p>
   </div>
   <div class='ocr_carea' id='block_1_5' title="bbox 240 3454 1114 3584">
    <p class='ocr_par' dir='ltr' id='par_1_13' title="bbox 240 3454 1114 3584">
     <span class='ocr_line' id='line_1_44' title="bbox 240 3454 658 3520; baseline -0.002 -14"><span class='ocrx_word' id='word_1_323' title='bbox 240 3461 334 3515; x_wconf 60' lang='lat' dir='ltr'>ruperit</span> <span class='ocrx_word' id='word_1_324' title='bbox 348 3454 419 3518; x_wconf 68' lang='grc' dir='ltr'>ὄμμα</span> <span class='ocrx_word' id='word_1_325' title='bbox 430 3459 515 3520; x_wconf 64' lang='grc' dir='ltr'>παρέω.</span> <span class='ocrx_word' id='word_1_326' title='bbox 547 3457 658 3511; x_wconf 69' lang='lat' dir='ltr'>Malae.</span> 
     </span>
     <span class='ocr_line' id='line_1_45' title="bbox 990 3514 1114 3584; baseline 0 0"><span class='ocrx_word' id='word_1_327' title='bbox 990 3521 1032 3567; x_wconf 67' lang='grc' dir='ltr'>ιε·</span> <span class='ocrx_word' id='word_1_328' title='bbox 1049 3514 1114 3584; x_wconf 63' lang='lat' dir='ltr'>aee</span> 
     </span>
    </p>
   </div>
   <div class='ocr_carea' id='block_1_6' title="bbox 0 0 1167 3914">
    <p class='ocr_par' dir='ltr' id='par_1_14' title="bbox 0 0 1167 3914">
     <span class='ocr_line' id='line_1_46' title="bbox 0 0 1167 3914; baseline 0 0"><span class='ocrx_word' id='word_1_329' title='bbox 0 0 1167 3914; x_wconf 95' lang='lat' dir='ltr'> </span> 
     </span>
    </p>
   </div>
  </div>
 </body>
</html>
