2318 3914
242 153 326 224 2274
432 140 631 207 Acunum.
666 139 974 223 Quastrouuu

120 266 216 321 mma
243 243 399 316 istoria,
424 263 496 324 quos
516 258 612 307 contra
640 246 792 323 disputant)
812 258 966 322 quaemnt,
992 248 1120 326 quonam

244 322 352 395 modo,
372 321 435 382 falla
449 323 503 382 visa
517 341 581 400 quae
597 322 665 393 sint,
675 343 706 382 ca
721 324 788 382 deus
801 323 909 382 efficere
923 325 1004 400 poffit
1018 329 1122 401 proba,-

243 396 331 458 bilia:
352 417 416 480 quae
431 412 524 458 autem
542 399 621 475 plane
642 399 772 476 proxime¹
790 401 825 458 ad
846 399 943 458 verbm
963 403 1120 475 accedant,

245 475 354 535 efficere
368 494 427 536 non
440 473 542 554 polilt?
562 487 633 542 aut,
654 476 673 535 sr
696 495 728 535 ea
747 494 862 554 quoque
903 477 987 547 ollit,
1008 483 1121 542 cutilia

243 547 304 611 non
337 554 423 623 ollit,
442 571 507 629 quae
520 553 736 629 perdifficiliter,
763 495 982 631 intemoAEanmr
998 557 1121 618 tamen?

92 655 110 691 v
125 636 215 691 interfit
245 629 293 698 δί,
311 571 428 700 fihaec,
448 647 496 688 cur
510 648 569 690 non
583 631 653 688 inter
668 647 732 705 quae
745 629 813 688 nihil
828 628 881 687 vfit
894 630 1037 688 omnino?

90 705 169 755 Lami.
280 701 416 776 Deinde,
437 705 501 764 cum
517 723 596 765 mens
609 719 756 764 moveatur
769 706 823 781 ipsa
838 723 887 780 per
899 704 970 775 sese,
990 719 1022 766 ut
1038 709 1072 768 ὅτ
1085 728 1119 771 et

52 806 54 810 ⁷
197 765 233 840 48
244 781 406 851 declarant,
426 800 491 860 quae
511 784 679 859 cogitatione
700 781 899 857 depingimus,
920 783 950 840 dt
973 800 1031 854 ea,
1052 805 1120 863 quae

91 882 111 920 x
127 858 290 927 non,in·vel
302 858 434 928 furiosa,
454 858 498 921 uel
520 858 718 918 dormientibus
738 859 889 926 videntur,
909 870 1053 932 monne,
1074 865 1118 925 in·

54 944 59 951 '
90 947 167 1008 quana
179 935 231 980 MS.
242 937 358 1012 quiunt,
379 934 523 994 verisimile
543 936 601 1003 stt,
626 935 662 994 fic
682 936 765 993 etiarn
791 948 915 993 mentem
936 939 1068 1007 moveri,
1088 952 1121 1001 nt

89 997 120 1050 ὰ
133 997 186 1045 7¹⁶³·
243 1028 303 1070 non
319 1012 408 1070 modo
423 1010 605 1080 internoscat,
626 1029 689 1069 vera
703 1012 747 1069 illa
761 1012 815 1070 visa
838 1010 889 1069 sint
910 1054 919 1080 ,
945 1029 1018 1071 anne
1034 1014 1116 1087 salsa,

58 1119 62 1125 ,
88 1107 186 1221 limes
243 1087 289 1146 sed
303 1100 334 1146 ut
347 1090 397 1147 tin
410 1089 451 1146 his
464 1088 531 1147 nihil
544 1087 647 1146 intersit
660 1089 779 1147 omnino
797 1087 809 1146 ?
829 1098 883 1156 ut,
903 1087 923 1146 st
944 1090 994 1165 qui
1011 1100 1120 1152 treme·
1153 1107 1155 1120 t

110 1184 141 1219 ze
151 1162 203 1220 atii.
244 1176 306 1224 rent
332 1166 362 1224 δι
384 1164 583 1223 exalbescerent
597 1165 642 1223 vel
656 1163 702 1240 ipsa
717 1182 766 1240 per
779 1163 830 1234 se,
850 1176 931 1222 motu
953 1169 1057 1228 mentis
1068 1171 1119 1229 ali·

88 1269 108 1303 z
122 1252 218 1304 interes-
244 1259 303 1317 quo
320 1285 328 1311 ,
349 1241 393 1301 vel
407 1239 514 1315 objedla
528 1242 637 1300 terribili
654 1259 682 1299 re
699 1241 862 1300 extrinsecus
871 1284 879 1311 ,
888 1241 955 1299 nihil
969 1253 1024 1301 ²ut
1037 1243 1115 1318 effct,

36 1335 39 1341 ·
89 1316 187 1368 struit.
245 1318 296 1394 qul
318 1318 523 1395 distingueretur
543 1329 648 1377 tremor
674 1317 719 1376 ille
751 1319 781 1376 &
805 1317 918 1393 pallor,
957 1336 1053 1394 neque
1081 1336 1114 1383 ut

244 1395 396 1471 quidquam
419 1392 556 1454 interesset
591 1393 701 1453 ⁶⁸inter
727 1395 884 1453 intestinum
918 1395 949 1452 ὃς
975 1395 1112 1458 oblatum.

28 1538 32 1543 ,
90 1485 107 1520 ⁸
121 1468 166 1520 fiat
215 1471 386 1530 ·Postremo
400 1471 420 1529 s1
434 1470 506 1530 nulla
520 1471 573 1530 visa
587 1471 667 1529 ²sunt
680 1471 851 1545 probabilia,
871 1488 936 1547 quae
957 1472 1021 1531 salsa
1043 1473 1115 1546 fint,

93 1536 171 1585 W·
243 1547 294 1606 alia
309 1551 378 1607 ratio
393 1546 440 1606 est.
477 1549 517 1607 fin
531 1559 624 1606 autem
638 1546 714 1605 sunt:
735 1565 783 1605 cur
795 1566 854 1607 non
869 1549 1035 1625 etiaquuae
1054 1568 1117 1612 nou

240 1621 321 1682 sacili
334 1624 550 1684 internoscantur
566 1623 578 1680 ?
597 1624 627 1678 ⁶9
636 1641 684 1681 cur
698 1641 756 1681 non
770 1635 802 1681 ut
815 1622 894 1699 plane
911 1624 979 1683 nihil
993 1626 1130 1699 interiit?¹

240 1700 388 1776 praesertim
404 1701 469 1759 clim
482 1701 593 1771 dicatis,
613 1700 760 1774 sapientem
780 1701 810 1758 in
831 1703 922 1758 furore
943 1699 1075 1762 sustinere
1088 1704 1116 1763 se

241 1776 276 1835 ab
289 1779 369 1837 omni
383 1774 503 1848 assensu,
524 1778 588 1857 quia
601 1776 674 1835 nulla
688 1777 717 1834 in
732 1775 791 1832 vifis
805 1775 941 1833 distintlio
956 1792 1095 1851 appareat.

197 1870 235 1928 49
281 1853 360 1914 XVI.
379 1854 435 1913 Ao
457 1872 524 1912 nas
536 1858 643 1912 'omnes
657 1852 773 1911 visiones
787 1852 881 1910 inanes
889 1852 1046 1912 Antiochus
1053 1858 1116 1932 qui·

138 1986 141 1991 .
218 1929 501 2005 .dem&permulta
516 1931 646 1998 dicebat,
672 1929 774 1986 &erat
794 1927 829 1986 de
849 1929 900 1986 hac
916 1945 970 1987 una
986 1946 1015 1987 re
1031 1934 1113 1993 uniut

245 2006 300 2065 diei
314 2006 467 2087 disputatio.
506 2007 575 2066 mihi
588 2018 682 2064 autem
698 2016 756 2062 non
770 2003 843 2063 idem
853 2005 1014 2064 faciundum
1030 2021 1112 2085 putot

223 2094 225 2099 ⁴
243 2081 292 2142 sed
303 2082 357 2159 ipsa
373 2084 459 2159 capita
472 2083 603 2143 dicenda:
624 2083 655 2140 &
669 2080 788 2156 primhm
809 2081 923 2157 quidem
944 2083 1009 2140 hoc·
1020 2101 1115 2160 repre·

241 2158 441 2229 hendendum,
461 2159 538 2237 quod
554 2156 746 2233 captiofiffimo
767 2174 867 2232 genere
888 2158 1112 2234 interrogationis

242 2247 373 2294 utuntur:
394 2246 423 2288 70
450 2236 507 2295 uod
520 2253 605 2312 genus
619 2233 736 2292 minime
757 2233 784 2291 in
807 2232 976 2308 philosophia
999 2238 1112 2309 probari

241 2311 326 2380 solet,
347 2311 411 2370 chm
424 2255 526 2393 ailquid
541 2312 698 2371 minutatim
725 2312 754 2368 &
777 2310 910 2384 gradatim
925 2309 1051 2382 additur,
1065 2327 1114 2374 aut

157 2430 161 2437 ,
243 2386 371 2446 demitur.
409 2382 508 2448 Sotitts
521 2389 572 2447 hos
586 2401 706 2455 vocant,
726 2387 774 2463 qui
783 2403 914 2444 acervum
922 2385 1112 2450 efficiuntuno

242 2463 337 2524 addito
350 2483 446 2543 grano.
485 2466 623 2525 Vitiosum
636 2462 698 2524 sane
725 2466 755 2523 δι
781 2463 931 2538 captiosum
945 2479 1040 2538 genus.
1075 2465 1112 2526 ste

1032 2558 1111 2604 enim

237 2765 239 2768 >
274 2730 694 2797 at.1nm;mpmuamoumam.1
721 2728 806 2778 Veneti
819 2729 897 2779 &alii
912 2725 964 2776 libri
979 2726 1112 2790 forestium,

243 2811 294 2845 non
305 2798 449 2859 impertitum,
461 2796 562 2854 babent,
578 2792 632 2845 sane
641 2794 806 2843 commodiore
816 2792 898 2850 sensu,
914 2805 940 2841 ut
950 2791 1050 2844 ridetur.
1068 2794 1114 2843 asi·

242 2857 464 2924 quibusimperatum
475 2860 568 2924 placuit.
603 2867 683 2908 famer.

274 2934 310 2973 σο.
329 2930 370 2971 Cur
380 2941 419 2971 non
429 2937 453 2971 ut
467 2925 528 2984 plane
540 2924 596 2970 nihii
611 2922 710 2981 interfit]
742 2926 818 2970 Locus
833 2916 951 2968 obscurior
967 2932 1017 2965 noo
1032 2930 1115 2981 atten-

242 2986 308 3036 denti
319 2987 350 3034 ob
361 2987 498 3049 particulam
509 2999 539 3035 ut.
562 2987 625 3046 cujus
639 2998 720 3034 tamen
731 2986 756 3034 in
767 2999 795 3032 ea
811 2980 984 3048 significatione
998 2980 1114 3031 Ciceroni

242 3048 295 3101 usus
305 3050 337 3098 est
347 3048 559 3112 frequentissimus,
576 3062 601 3104 ut
612 3051 670 3097 nihil
681 3050 761 3109 interfit
773 3047 849 3103 valet,
864 3042 954 3094 etiamsi
968 3043 1028 3091 nihil
1038 3045 1115 3094 inter·

242 3113 271 3165 fit
283 3111 395 3169 ‚dicatur
408 3114 516 3177 plenius,
532 3129 557 3162 ut
573 3111 732 3161 concedamus
749 3109 808 3159 nihil
829 3104 944 3158 interesse.
977 3107 1062 3167 coutet
1077 3107 1114 3156 se-

180 3192 183 3199 ·
240 3178 355 3239 quentia,
373 3176 397 3224 δι
410 3192 461 3240 qua
471 3189 564 3226 annoto
575 3175 605 3224 ad
617 3176 659 3225 illa
670 3175 759 3230 verba,
775 3187 799 3220 ut
813 3173 853 3230 sabi
863 3171 908 3230 fiat
920 3172 947 3223 o*
957 3186 1000 3215 ava
1011 3186 1117 3231 aarum,

138 3264 141 3268 ⁸
237 3243 265 3292 sa
279 3255 326 3350 ageba
346 3252 410 3302 mum
423 3241 547 3300 stmilta'ma.
586 3240 628 3303 qui
644 3239 710 3288 locus
727 3239 784 3287 item
800 3232 921 3285 immerito
938 3231 1056 3281 concaua
1072 3232 1114 3284 est.

238 3308 296 3355 m
322 3323 351 3352 er.

258 3383 311 3422 [φο.
327 3368 395 3432 Qud
407 3380 472 3427 gertus
480 3364 571 3413 minime*
583 3369 607 3414 in
619 3365 753 3426 Philosophia
765 3363 853 3424 probari
862 3361 918 3420 solet
934 3375 942 3416 3
964 3356 1011 3405 cr'em
1026 3359 1117 3421 aliquit

239 3432 365 3478 minutatim
379 3432 405 3482 2⁴7
418 3430 528 3491 gradatim
539 3430 629 3475 additur
645 3441 684 3474 aut
702 3428 816 3483 domitum]
844 3424 868 3474 Si
880 3422 929 3474 hic
939 3420 1050 3488 periodus
1060 3432 1116 3477 toto

237 3492 311 3554 absit,
324 3493 387 3545 nihil
397 3490 468 3544 defiat
479 3491 581 3544 audens
593 3489 721 3543 sententie.
753 3491 842 3545 crun-
1013 3561 1053 3610 Π·
1071 3548 1116 3599 εἰ·
