2318 3914
258 98 450 214 'bruun
490 138 734 204 Pnrnus.
844 155 925 222 2355

10 258 26 319 ῐ
63 250 130 326 quia
143 249 345 324 consequuntur
357 249 451 324 magni
464 247 573 307 dolores
588 265 635 306 eos
651 289 660 314 ,
686 247 734 321 qui
752 249 857 308 ratione
872 267 925 309 vo·
1068 262 1078 290 0

20 342 23 369 ³
64 326 197 400 luptatem
225 325 300 400 sequi
320 325 452 384 nesciunt.
489 341 580 399 neque
620 321 683 381 orro
698 323 847 400 quisquam¹
861 325 923 396 est,

64 403 113 475 qui
127 401 251 461 dolorem
264 399 369 475 ipsum,
389 401 468 475 squta
489 399 570 458 dolor
609 412 644 468 t,
664 411 763 467 amet,
784 400 941 460 consede-s
956 425 1005 478 qua
1019 414 1072 466 atre

10 470 19 529 i
65 489 133 546 tur,
152 476 259 561 adipisci
278 476 345 534 velit
367 497 374 535 :
407 476 453 535 sed
473 477 536 549 quia
557 491 767 548 nonnumquam
786 476 924 551 ejusmodi

10 564 14 604 Ι
62 565 190 628 ¹tempora
205 552 354 627 incidunt,
381 565 411 610 ut
438 552 531 610 labore
563 552 593 608 &
614 551 710 608 dolore
730 568 858 626 magnam
877 554 926 613 ali·

60 645 148 704 ¹quam
162 642 266 703 quaerat
280 628 458 703 voluptatem.
495 640 526 687 ut
539 628 614 686 enim
629 627 663 684 ad
677 627 792 684 minima
804 630 924 702 veniam,

62 707 122 778 quis
137 704 261 764 nostrum
276 706 499 762 exercitationem
519 705 602 763 ullam
623 703 744 779 corporis
765 701 868 779 suscipit
887 706 926 763 la·

10 806 14 821 ³
63 780 202 840 boriosam
218 823 227 849 ,
247 779 296 838 nifi
310 791 339 837 ut
352 780 451 854 aliquid
465 798 499 838 ex
514 798 546 838 ea
559 780 705 839 commodi
725 778 924 855 consequatur?

62 858 124 930 quis
145 869 238 935 autern
258 857 303 914 vel
320 874 384 914 eum
400 857 461 932 jure
478 855 697 930 reprehenderit,
709 857 761 929 .qui
775 855 803 912 in
826 875 858 914 ea
873 874 924 916 vo·

61 933 169 1007 luprate
189 931 255 1000 velit
274 930 327 990 effe
346 972 355 1002 ,
376 943 473 1008 tquam
494 932 560 991 nihii
580 931 711 990 molestiae
729 931 942 1005 consequatur,t
957 928 1071 992 Wlff-

63 1008 219 1078 velillum,
239 1010 285 1083 qui
297 1007 423 1068 dolorem
437 1026 503 1068 eum
516 1008 601 1083 fugiat
609 1049 618 1078 ‚
638 1024 694 1083 quo
712 1008 837 1082 voluptas
851 1010 923 1070 nulla

51 1084 212 1160 patiatur?
660 1089 667 1110 ‘

82 1222 86 1233 .
105 1160 145 1218 At
157 1159 224 1219 vero
238 1179 285 1219 eos
299 1160 499 1242 &accusamus
514 1201 523 1227 ‚
543 1162 573 1218 δε
589 1158 661 1235 justo
675 1159 743 1217 odio
757 1159 924 1234 dignissimos
935 1179 969 1240 33

61 1234 207 1306 ducimuS,
225 1239 291 1313 qui,
304 1237 437 1296 blanditiis
450 1235 622 1310 praesentium
636 1235 808 1310 voluptatum
822 1236 927 1297 deliniti

10 1327 28 1343 ‘
61 1325 148 1388 atque
162 1315 298 1389 corrupti,
318 1331 388 1389 quos
415 1312 523 1371 dolores
551 1314 580 1370 ὃ(
594 1329 659 1390 quas
673 1311 806 1370 molestias
826 1329 927 1388 excep-

62 1390 118 1446 turi
138 1388 190 1447 srnt
216 1392 349 1448 occaecati
375 1388 521 1463 cupiditate
534 1406 594 1446 non
608 1387 771 1464 provident,
790 1387 925 1465 similique

61 1464 166 1523 suntin
189 1465 293 1540 culpa,
318 1467 366 1541 qui
386 1463 476 1524 officia
496 1462 621 1523 deserunt
642 1464 756 1522 mollitid
776 1465 876 1534 animi,
894 1464 928 1526 td'

62 1541 118 1607 est,
136 1540 261 1599 laborum
275 1544 306 1600 dc
318 1543 446 1601 dolorum
460 1539 534 1615 sugd.
553 1543 582 1599 δε
595 1541 691 1599 harum
705 1539 816 1613 quidem
832 1558 924 1619 retum

61 1616 147 1676 facilis
162 1617 199 1674 est
226 1621 256 1677 &
279 1617 405 1693 expedita
420 1616 562 1676 distinctio.
601 1633 666 1675 nam
679 1606 765 1674 libero
779 1629 925 1692 tempore,
945 1645 960 1659 ··

64 1692 129 1750 cum
161 1692 247 1752 soluta
278 1695 356 1753 nobis
388 1693 425 1752 est
457 1693 575 1768 eligendi
606 1695 702 1767 optio,
728 1692 849 1769 cumque
880 1697 924 1754 ni·
965 1730 987 1749 ,Α

62 1767 103 1826 hil
134 1769 266 1844 impedit,
304 1788 363 1845 quo
392 1766 481 1828 minus
514 1768 571 1836 id,
610 1767 687 1845 quod
719 1769 852 1836 manime¹
867 1771 946 1845 pia-v
960 1784 1042 1848 repen,

62 1855 141 1914 ceat,
160 1847 250 1904 facere
264 1847 410 1922 possimus,
428 1845 522 1904 omnis
540 1845 664 1920 voluptas
685 1843 841 1904 assumenda
856 1847 894 1904 est
909 1849 978 1916 ‚artu

61 1995 146 2067 dam,
165 2001 217 2056 ¹&
230 2011 309 2059 auto
340 2000 387 2056 ciis
400 1998 517 2064 debitis,
544 2010 590 2054 aut
610 2014 700 2054 rerum
722 1974 997 2082 necessitatibusffi
1014 2034 1070 2082 deta

60 2071 133 2148 saepe
147 2075 274 2144 eveniet,
289 2088 323 2149 ,ut
336 2077 367 2133 &
380 2071 719 2148 voluptates-repudiandae
733 2072 801 2141 sint,
820 2069 1070 2162 &mo-mm

59 2146 145 2207 lessiae
158 2168 224 2227 non
232 2150 394 2210 recusandae.
432 2150 527 2226 Itaque
542 2166 635 2208 earum
649 2167 738 2207 rerum
753 2150 799 2209 hic
813 2161 921 2209 tenetur
929 2176 996 2208 voces.
1048 2184 1050 2193 ·

60 2222 77 2283 a
97 2224 224 2300 sapiente
237 2227 398 2296 rdeledius,
418 2237 468 2284 ²ut
489 2237 537 2284 aut
549 2225 719 2301 ²rejiciendis
738 2225 920 2302 voluptatibus
961 2224 1054 2296 ¹²:1³¹·

60 2302 180 2376 majores
208 2302 270 2361 alias
299 2294 478 2381 consequasur
491 2344 501 2373 ,
516 2313 568 2361 aut
594 2301 759 2378 perferendis
780 2302 918 2363 doloribus
928 2283 1058 2395 diss&

59 2376 207 2453 asperiores
219 2379 338 2455 repellat.
768 2396 770 2401 ’
927 2366 1033 2460 ζ’ζξω
1124 2396 1126 2400 ·

98 2454 183 2513 Hanc
196 2472 249 2530 ego
264 2455 327 2515 edm
341 2469 452 2516 teneam
465 2453 643 2525 sententiam,
662 2454 728 2530 quid
742 2455 793 2519 est.
806 2452 854 2515 cur
870 2475 917 2515 ve·
928 2477 978 2523 aret.

57 2547 136 2599 rear,
155 2548 191 2589 ne
205 2531 239 2590 ad
254 2533 403 2592 eambnon
418 2532 515 2607 possrm
529 2531 743 2590 accommodare
757 2533 917 2609 Torquatos
929 2552 943 2586 ι
958 2532 1068 2586 sociem.

56 2605 188 2666 nostros?
213 2625 283 2684 quos
303 2623 334 2668 tu
355 2608 446 2684 paullo
467 2607 530 2665 ants
556 2606 619 2666 cum
641 2609 824 2677 memoriter,
856 2622 915 2667 tum
928 2602 981 2650 ¹¹¹⁸·
1007 2650 1009 2655 ,

55 2685 142 2742 etiam
158 2701 220 2758 erga
232 2702 284 2743 nos
309 2684 398 2744 amice
425 2685 455 2742 ὃ(
475 2683 610 2742 benevole
632 2683 767 2760 collegisti.
804 2702 858 2742 nec
871 2703 918 2743 me
931 2681 966 2749 34
1125 2748 1128 2756 ¹

54 2771 154 2818 tamen
166 2759 305 2819 laudandis
328 2772 354 2815 53
365 2759 510 2836 majoribus
532 2761 599 2818 meis
620 2756 783 2837 corrupisti,
811 2776 864 2817 nec
878 2739 944 2819 se-s‘
958 2734 1069 2850 Μαζαίῳ

53 2837 185 2912 gniorem
214 2834 250 2895 ad
274 2835 495 2912 respondendum
521 2834 664 2895 reddidisti.
703 2852 822 2910 quorum
851 2819 984 2910 fastam
1036 2833 1046 2850 ¹

396 2948 399 2953 -
819 2928 921 2986 quem·

21 1936 24 1941 '
62 1923 155 1985 omnis
169 1922 248 1981 dolor
261 1922 466 2057 'depellendus
502 1922 671 1996 temporibus
691 1935 784 1980 autem
809 1922 917 1995 quibus·
929 1923 945 1956 ¹
959 1908 983 1957 td
994 1908 1030 1960 ‘st

55 3070 139 3148 adast,
154 3092 192 3129 aar
198 3081 281 3144 fugias·
296 3079 335 3130 sed
343 3092 426 3132 eontra
436 3095 524 3149 omnes!
532 3079 591 3129 Pali.
602 3093 703 3141 quorum
712 3089 850 3143 ternquart.
861 3079 920 3133 star.

55 3141 144 3199 habeut
160 3144 256 3207 quidem
272 3146 356 3201 oderit,
374 3142 411 3194 sed
424 3158 473 3192 non
484 3177 491 3201 ,
504 3144 642 3207 aspernetur,
659 3144 696 3191 vel
703 3143 785 3206 fugiat.
802 3143 917 3208 scripturae

58 3203 141 3254 nostra
151 3207 230 3257 audior
240 3209 313 3256 etiam
327 3207 372 3257 suit
384 3206 506 3255 vidorius.
539 3209 604 3253 Grur.

91 3283 128 3342 ξι..
145 3271 323 3346 Majoribusmeis
330 3269 463 3381 formpisti.]
484 3268 540 3326 Pali.
552 3265 624 3317 nostri
636 3282 718 3341 omnes
728 3266 757 3342 ad
768 3283 840 3344 uuum
850 3272 919 3317 orri-

51 3328 920 3469 tts'ttrttsrdtt{stutttssttszrstr‘ttdstut‘tm

54 3456 593 3524 rupn’parutet'udnmatumscasigerohostro.
615 3458 683 3510 Idm.
757 3522 761 3531 .
789 3518 791 3527 Ι
830 3520 844 3574 Ι,
887 3514 920 3566 w

56 3568 65 3583 .
289 3561 292 3569 ·
846 3535 869 3580 a
936 3560 937 3565 =
