2318 3914
232 114 336 201 2780'
376 116 574 185 Tuscum
596 117 989 184 Drsturartouurt

228 225 465 302 perturbationes,
484 242 548 303 quae
562 224 639 293 sunt,
659 236 691 283 ut
704 225 795 301 paullo
811 223 878 284 ante
893 224 1033 294 diximus,
1050 234 1094 287 tur·

230 305 286 362 bidi
309 304 468 360 animorum
502 303 691 376 concitatique
714 314 833 373 motus,
853 300 941 359 averli
964 298 981 359 a
1004 300 1104 367 ratione·¹

232 382 264 439 &
284 379 461 437 inimicillrmi
483 380 583 436 mentis
609 378 733 453 vitaeque
753 377 919 454 tranquillae.
957 372 1115 453 impomntf‘

122 463 148 511 1’.
163 462 193 515 B.
236 457 315 515 enim
343 456 517 530 aegritudines
546 454 639 513 anxias
680 469 764 531 atque
782 454 893 512 acerbas
913 495 923 523 ,
943 455 1107 531 animosque-t

236 530 362 606 affligunt
382 532 412 589 ὃς
432 531 573 589 debilitant
594 544 681 590 metu.
717 530 804 589 iidem
826 530 1009 589 inflammant
1027 548 1110 607 appar

234 612 334 668 titione
347 608 455 667 nimia:
474 624 560 682 quam
581 618 642 664 turn
664 606 869 681 cupiditatem,
888 620 952 665 turn
967 606 1113 667 libidinem:

232 685 366 753 dicimus,
386 685 581 757 impotentiam
595 682 735 759 quandam
750 684 857 753 animi,
875 682 894 741 d
926 686 1115 779 temperantia!

189 766 223 829 35
232 764 262 821 &
276 762 469 820 moderatione
482 758 632 835 plurimlun
647 758 827 817 diffidentem.
856 770 887 813 50
895 762 975 834 Quae
990 759 1010 818 fi
1024 778 1101 837 quatt-

83 837 168 892 8²²¹¹¹
229 839 268 898 do
282 839 380 913 adepta
393 836 430 896 est
444 835 497 906 id,
516 835 594 913 quod
609 836 635 894 ei
655 834 738 893 fuerit
756 836 941 910 concupitum
959 878 968 905 ,
991 846 1016 890 5¹
1026 848 1097 896 trum
1113 846 1115 855 '

83 892 176 1009 ffiss
231 918 285 976 fert
298 915 464 974 alactt'tatem
472 955 483 984 ,
501 910 630 973 uthnthtl
643 909 696 970 ell'e
711 913 817 971 conllet
825 912 924 989 ,quod
938 924 1022 989 agat:
1042 923 1098 1001 §fut

83 1016 160 1073 const,
1047 988 1100 1061 lle,

84 1084 154 1133 laen.

228 1199 266 1236 tar
276 1184 522 1252 praemoneantur
531 1190 562 1236 D.
574 1183 692 1234 lambino
702 1183 920 1248 plaeetnagteaneae
927 1188 1095 1249 perturbatiora,

231 1252 296 1314 quod
308 1250 376 1299 nihili
388 1249 420 1298 eli
432 1264 477 1313 praa
492 1248 576 1312 Joaclr.
594 1249 725 1297 Cameratii
735 1246 919 1307 emendatione,
936 1251 981 1311 qui
996 1250 1095 1315 reposuit,

229 1316 362 1362 concitamur
368 1316 541 1377 perturbationes.
574 1316 642 1360 Hane
651 1310 811 1386 coniesturam
823 1313 927 1386 recipere
941 1316 1053 1364 nonium
1061 1330 1095 1365 re·

229 1372 953 1515 altaaltll‘tttt'ttt,littllltltlttt.
968 1382 1094 1517 3¹5²an

226 1501 611 1626 ,tltnlaltltl‘lltl
618 1500 1092 1629 :llltl‘tltlzta‘t‘t‘ll

225 1640 262 1675 aar
275 1632 299 1676 il
309 1632 372 1691 qaod.
388 1640 464 1689 quart.
478 1643 503 1673 ea
517 1630 624 1689 deputaret
635 1626 668 1674 id.
686 1627 762 1688 quint.
778 1630 915 1689 adaptaretur
928 1630 964 1678 id.
983 1628 1034 1679 Geb

225 1690 332 1739 Davidus
344 1691 594 1754 protulit,adeptaretar
604 1692 636 1736 id.
654 1689 772 1747 Bentlejus
780 1690 813 1750 ,se
822 1690 921 1754 adeptam
933 1704 1001 1743 retur.

256 1769 293 1809 51.
310 1760 365 1803 rara
373 1755 418 1811 fert
429 1755 583 1810 alacritatem]
599 1757 627 1801 ln
639 1753 710 1800 malis
720 1753 766 1800 dici
782 1754 917 1801 alacritatem
928 1753 995 1804 testis
1005 1754 1036 1805 esi
1046 1760 1089 1806 tto·

224 1814 277 1864 nius
288 1821 313 1866 tc
324 1816 412 1866 indicat
423 1816 525 1871 cicero,
540 1816 595 1865 edm
610 1816 663 1871 alt,
677 1815 754 1863 virum
774 1827 935 1891 temperatum
954 1818 1087 1871 conflantem

225 1876 272 1927 effe
282 1881 328 1938 stne
341 1883 476 1936 alacritate,
494 1880 540 1936 fine
553 1880 602 1926 ralla
617 1878 714 1928 libidine.
747 1876 862 1929 Asconius
878 1880 1087 1939 Pedianustrada,

225 1944 319 1991 alacrem
329 1942 376 1992 dici
388 1958 457 1996 eum,
491 1944 515 1990 ui
528 1943 592 2007 viget
603 1938 704 1989 senfibus
714 1940 844 1997 univerlis,
861 1945 929 2005 quod
942 1942 976 1991 est
986 1944 1084 1995 indicium

224 2007 295 2060 eteltl
306 2007 379 2055 animi
390 2018 462 2067 arque
472 1956 588 2054 flrblinrs:
606 2003 663 2052 stcut
673 2002 806 2053 econtrario
826 2006 883 2053 lacer
893 2006 982 2056 dicitur
991 2021 1086 2073 amputa·

224 2068 256 2116 tie
265 2071 291 2118 in
301 2083 399 2133 corpore
409 2067 533 2124 membris,
548 2068 595 2117 hoc
604 2068 650 2123 est,
667 2067 770 2124 autibus,
787 2068 875 2125 oculis,
891 2069 1017 2127 manibus,
1031 2070 1085 2135 quod

223 2131 368 2181 adanitnum
379 2133 437 2194 laepe
446 2131 590 2180 transfertur.
624 2130 657 2179 lie
665 2132 737 2176 alacer
754 2129 837 2178 dicitur
847 2132 886 2187 is,
903 2134 942 2182 cui
953 2136 1031 2181 omnis
1044 2138 1086 2182 leo·

223 2191 260 2241 ius
268 2194 296 2242 in
312 2194 352 2242 suo
367 2196 423 2242 loco
439 2194 539 2256 quisque
554 2195 632 2258 degat,
665 2192 728 2241 lllud
741 2206 838 2255 quoque
850 2195 1012 2261 intelligitur,
1033 2194 1084 2245 alind

224 2254 271 2304 efl'e
281 2258 391 2312 alacrem,
407 2255 471 2304 aliud
486 2258 564 2307 latum.
598 2263 655 2305 Sunt
666 2257 713 2318 'qui
729 2258 821 2303 alacrem
836 2255 994 2307 festinantem
1006 2261 1030 2308 &
1040 2273 1085 2323 ptu-

182 2358 185 2363 .
223 2333 305 2382 perum
317 2319 362 2368 dici
373 2330 469 2382 putent,
485 2317 550 2381 quali
566 2322 609 2367 alls
625 2336 701 2367 aerem.
719 2318 827 2369 Beroald.
859 2324 915 2367 Tam
930 2324 980 2382 fert
993 2325 1085 2369 alacrita-

221 2388 285 2440 tem]
299 2381 366 2431 Faba.
378 2381 447 2443 affert,
460 2382 564 2431 eeteriam
580 2381 637 2431 l’all.
654 2381 697 2429 sec.
709 2394 785 2445 quart.
796 2382 872 2431 vatic.
890 2398 939 2431 reem
953 2385 1001 2442 fert
1015 2386 1084 2433 alatne

205 2472 207 2476 v
221 2457 279 2500 tate,
294 2455 348 2496 atre.
361 2462 378 2494 e.
390 2464 409 2493 a.
419 2448 474 2508 qaid
483 2459 540 2508 agar.
554 2445 683 2494 Lambinus
698 2457 724 2491 ut
739 2444 772 2493 est
790 2446 815 2492 in
832 2448 934 2510 Gryplrii
947 2448 1027 2496 libro:
1046 2462 1083 2495 tara

219 2522 245 2554 aa
256 2507 330 2565 fertur
343 2510 464 2557 alacritate.
480 2507 598 2557 Gebhard.
632 2514 690 2555 Tam
701 2508 744 2564 fert
754 2509 908 2569 alacritatem]
924 2510 1031 2559 Minime
1042 2510 1085 2575 plt-

220 2570 317 2618 cethaee
329 2570 409 2620 letiio.
428 2572 506 2619 codd.
518 2570 578 2620 bene
589 2570 677 2627 multi,
692 2584 740 2617 ruer
746 2572 792 2630 fert
803 2573 916 2619 alacritate
929 2590 938 2629 3
954 2578 987 2623 D.
998 2572 1086 2623 Lambi-

221 2646 265 2680 nus
276 2632 391 2690 coniecit,
401 2646 448 2680 tum
458 2650 483 2680 aa
488 2635 563 2693 fartam
572 2637 692 2683 atem'rare.
710 2632 824 2683 Cantaba.
840 2647 887 2681 tum
901 2635 965 2697 affert
976 2639 1086 2689 alacritate.

186 2744 189 2749 ,
218 2694 327 2746 Testatur
342 2710 421 2746 aurern
436 2700 473 2746 Fr.
490 2698 606 2747 Fabricius
621 2697 647 2745 in
663 2701 734 2746 Msro
746 2699 836 2747 Colon.
851 2696 934 2755 fuiffe,
948 2712 997 2747 trem
1008 2700 1086 2762 afferrat

221 2762 353 2807 alacritate.-
368 2774 473 2825 repono,
486 2772 533 2807 tum
549 2760 635 2822 effertur
649 2761 762 2807 alacritate
779 2793 787 2817 ,
818 2776 869 2824 quat
885 2763 989 2811 minima
1000 2765 1033 2811 eli
1044 2778 1087 2811 tnn-

223 2822 308 2879 ratior
325 2824 378 2872 huie
398 2836 481 2873 tamen
499 2823 559 2874 virio
580 2822 685 2872 sanando
705 2837 820 2888 perquam
841 2822 933 2875 videtur
957 2826 1087 2877 commoda.

225 2890 310 2937 Davi.

257 2890 396 3007 szfvrille,
403 2952 444 3014 qai
452 2951 594 3009 volantatem,
612 2950 668 3007 dra]
679 2953 705 2996 ln
715 2948 780 3018 epist.
789 2951 819 2999 ad
830 2952 931 3001 Callum
938 2952 1038 3003 librorr.
1045 2960 1089 3001 lla·

226 3014 343 3073 perpendae
360 3026 451 3079 partem
460 3012 528 3074 hujus
539 3011 595 3060 disti
602 3012 687 3061 Cicero
694 3014 800 3062 inletttit:
813 3021 838 3060 In
849 3031 889 3076 qua
902 3016 951 3063 calm
962 3020 1087 3079 objurgaret,

224 3078 283 3138 quad
297 3080 365 3125 nimio
376 3079 457 3140 gaudio
469 3076 522 3140 perd
535 3077 657 3137 defiprrem‚
673 3079 706 3122 r'ta
721 3092 755 3123 me
770 3077 924 3135 defendebam,
943 3084 989 3152 Ego
998 3084 1087 3143 velupta-

222 3149 265 3184 tem
281 3144 352 3187 animi
365 3144 464 3190 nitriam.
499 3138 580 3187 Verius
599 3136 632 3187 elt
656 3137 752 3186 Trabea
770 3142 874 3194 comici,
908 3155 935 3190 ut
954 3143 1088 3208 fignificatur

223 3198 255 3247 de
265 3202 316 3252 Pin.
324 3217 355 3253 tr.
372 3208 437 3252 Nam
448 3205 473 3251 &
484 3202 525 3250 ille
535 3198 596 3264 apud
611 3201 727 3249 Trabeam
739 3204 887 3266 voluptatem
898 3208 974 3255 animi
990 3208 1087 3254 letitiam

222 3264 322 3313 nimiam
333 3264 404 3324 dicit3
420 3266 521 3315 eandem
533 3279 605 3327 quam
617 3264 659 3312 ille
672 3266 830 3322 Caecilianus,
846 3269 887 3328 qut
904 3269 1019 3317 omnibus
1039 3266 1086 3317 tari·

222 3325 261 3373 tiis
272 3325 352 3376 latum
362 3327 385 3377 se
394 3327 440 3378 effe
451 3341 536 3376 narrat.
555 3336 634 3375 carnea.
667 3334 701 3373 Ut
711 3331 763 3385 ille,
778 3334 818 3390 qui
827 3333 962 3392 voluptatem
976 3336 1048 3379 animi
1060 3332 1085 3377 al·

220 3392 290 3434 antara
300 3392 356 3449 lan]
371 3391 474 3457 Respicit
483 3392 563 3439 locum
569 3391 678 3445 Trabea,
690 3391 896 3451 qttemadmodum
907 3409 974 3457 patet
984 3394 1086 3445 exlibnt.

222 3450 254 3503 de
265 3453 402 3519 literana.
419 3455 610 3508 vide&lib.1r.
627 3454 657 3505 ad
665 3454 748 3505 famil
760 3469 796 3520 ep.
803 3472 826 3511 9.
845 3460 930 3520 Deam
1070 3518 1082 3562 ι
