2318 3914
223 96 414 174 Lissen
459 97 769 179 Quantus.
866 105 946 179 ²²73

53 226 55 232 ·
118 201 173 263 Sed
189 184 545 279 progrediamur'longilrm
565 201 594 258 δι
613 200 651 269 ita
672 217 807 274 agamus,
822 208 857 258 ‘ut
877 190 947 259 nihil
956 187 994 262 45'

78 281 160 343 uobis
172 276 294 339 assentari
307 276 361 338 else
375 278 533 337 videamur:
554 293 672 351 quaeque
687 276 721 334 ab
733 277 774 336 his
789 275 917 335 dicuntur
932 317 942 345 ,

80 356 347 433 stupersequamur,
367 366 398 411 ut
419 354 487 412 nihil
504 354 533 410 in
561 353 723 428 rpraeteritis
751 352 943 428 relinquamus.
984 355 1008 406 Ρ.
1030 355 1058 403 Ι.
1110 376 1114 387 ·

78 432 202 492 Primum
224 434 304 508 igitur
327 429 498 505 perspicuitas
517 429 586 496 illa,
606 447 689 504 quarn
716 428 858 497 diximus,
884 429 967 488 satis?
992 415 1096 493 ⁹¹²5?ss

65 525 210 584 ‘magnam
225 510 308 567 habet
324 508 407 573 vim,
434 519 464 564 ut
484 504 537 580 ipsa
558 506 606 580 per
627 503 680 562 sese
706 523 738 562 ea
754 546 763 572 ,
789 522 852 580 quae
868 504 919 565 sint
934 481 1064 574 „mm”

78 584 176 654 nobis,
196 587 233 643 ita
247 599 278 642 ut
291 583 361 650 lint,
381 582 491 644 indicet.
533 580 586 640 Sed
601 592 696 639 tamen
712 623 721 649 ,
741 593 771 639 ut
784 597 947 641 maneamus

78 661 111 720 in
131 660 279 736 perspicuis
298 657 400 717 firmius
432 661 462 717 ὃ(
482 656 672 726 constantius,
700 657 805 731 majore
826 658 946 731 quadarn

79 754 151 811 opus
167 737 206 794 est
221 736 267 792 vel
291 747 348 793 arte
380 734 424 792 vel
437 734 575 808 diligentia
590 776 599 803 ‚
619 751 655 792 ne
669 731 703 791 ab
715 733 772 800 iis,
798 750 863 808 quae
877 734 947 793 clara

44 810 47 815 ’
78 811 133 871 stnt
148 812 203 887 ipsa
216 828 264 885 per
278 810 345 879 sese,
365 809 438 887 quali
453 810 589 885 praestigiis
608 809 770 886 quibusdam
797 811 827 868 ὃ(
842 811 950 884 captio·

58 889 160 948 uibus
180 886 355 960 depellamur.
392 887 489 955 Nam,
508 887 558 962 qui
577 887 666 945 voluit
685 884 827 944 subvenire
849 887 948 944 errori·

77 965 130 1022 bus
144 964 290 1037 Epicurus,
310 964 357 1033 iis,
377 964 425 1040 qui
439 963 565 1021 videntur
585 963 748 1020 conturbare
769 963 828 1020 veri
849 963 948 1037 cogni·

77 1041 206 1108 tionem,
224 1039 346 1116 dixitque
366 1039 491 1114 sapientis
512 1036 565 1096 else
584 1040 747 1114 opinionem
763 1036 778 1097 a
801 1037 946 1113 perspicui-

76 1126 136 1173 tate
148 1116 302 1190 sejungere:
322 1117 390 1174 nihil
402 1116 497 1174 usecit.
516 1114 596 1192 ipslus
616 1116 692 1174 enim
714 1115 852 1191 opinionis
868 1128 969 1178 erro-u
985 1115 1086 1178 profecte

78 1207 139 1250 rem
153 1192 230 1252 nullo
244 1191 457 1265 modosustulit.
530 1250 532 1257 ,
952 1182 1062 1233 MSS-⁶*

114 1267 182 1345 XV,
200 1270 453 1342 Quamosnam
475 1266 539 1326 clun
554 1267 617 1326 duae
632 1265 721 1324 causae
750 1267 893 1342 perspicuis
912 1244 1072 1353 &fflff'

74 1344 248 1403 evidentibus
261 1348 339 1403 rebus
352 1345 541 1403 adversentur:
561 1343 659 1401 auxilia
674 1343 793 1402 totidem
808 1343 938 1405 suntcon·
972 1368 989 1424 5
1021 1343 1028 1357 ”

74 1419 118 1478 trit
134 1421 327 1495 comparanda.
365 1419 535 1495 tadversatur
549 1421 625 1492 enirn
639 1417 757 1493 primum
775 1462 784 1487 ‚
803 1419 881 1496 quod
914 1387 1061 1496 a-ffadm.
1090 1453 1108 1491 ,-

76 1513 141 1554 rum
164 1495 287 1572 defigunt
300 1497 408 1557 animos
434 1499 463 1554 &
477 1496 624 1555 intendunt
637 1495 665 1553 in
680 1512 711 1568 ea
728 1537 737 1564 ,
756 1513 821 1571 quae
843 1439 913 1571 pers7
920 1499 942 1556 i·
952 1506 1030 1557 santur
1039 1511 1093 1560 MS.

75 1571 220 1640 coelunt,
238 1585 286 1642 ut,
304 1586 406 1648 quauta
419 1572 481 1631 luce
496 1591 527 1630 ca
541 1571 703 1630 circumfusa
726 1571 808 1640 sunt,
828 1583 882 1646 spo
913 1573 978 1633 nt&
989 1574 1044 1622 Vis?-

78 1647 247 1720 agnoscere:
274 1650 388 1709 alterum
412 1648 473 1716 est,
508 1646 586 1724 quod
606 1648 743 1719 fallacibus
768 1649 797 1705 &
819 1647 963 1722 captiofis⁸
979 1648 1029 1743 ἵζ’

75 1722 334 1800 interrogationibus
355 1725 507 1784 circumseri
527 1725 549 1782 ti
580 1735 607 1785 at
627 1741 663 1781 ue
690 1723 798 1799 decepti
818 1726 942 1799 quidam,
952 1708 1041 1807 aar

79 1798 145 1857 clun
159 1818 203 1860 eas
217 1798 360 1860 dissolvere
373 1817 439 1860 ¹nou
461 1743 570 1876 podunt
585 1742 761 1869 ‚desciscunt
782 1799 943 1861 *a-veritate.
1020 1791 1029 1808 ⁶

74 1887 188 1949 oportet
201 1879 282 1952 igitur
297 1880 327 1936 &
348 1895 403 1944 ea,
423 1895 488 1953 quae
508 1893 558 1952 pro
580 1875 769 1951 perspicuitate
788 1875 945 1950 responderi

75 1949 205 2026 possunt,
224 1955 253 2012 in
276 1967 408 2029 promptu
427 1952 551 2020 habere,
571 1951 606 2009 de
626 1951 723 2028 quibus
733 1951 792 2024 jam
808 1951 944 2013 diximus:

75 2029 106 2086 δι
121 2024 174 2087 effe
187 2040 329 2099 armatos,
357 2043 386 2088 ut
411 2046 555 2087 occurrere
575 2029 706 2102 pollim'us
725 2028 946 2102 interrogationi·

71 2103 122 2162 bus
148 2123 247 2164 eorum
267 2108 463 2183 captionesque
492 2104 632 2164 discutere.
670 2103 748 2181 quod
763 2101 891 2180 deinceps
904 2106 945 2164 fa·

74 2190 140 2238 cete
155 2182 289 2242 constitui.
325 2186 329 2193 ’

111 2256 260 2332 Exponam
275 2260 356 2333 igitur
375 2257 527 2334 generatim
547 2267 707 2333 argumenta
728 2273 825 2314 eorum
843 2299 851 2325 ,
871 2275 985 2337 quo-47

71 2333 149 2391 uiam
165 2335 213 2408 ipsr
227 2339 311 2397 etiam
326 2337 368 2394 illa
383 2336 469 2394 solent
484 2352 541 2393 non
563 2332 676 2393 contuse
692 2333 776 2409 loqui
815 2332 940 2395 Primum

72 2422 211 2469 conantur
231 2411 398 2481 ostendere,
424 2411 509 2469 multa
529 2407 604 2485 posse
624 2408 709 2468 videti
733 2405 810 2477 esse,
836 2407 939 2487 ⁶7quae

72 2487 193 2545 omnino
208 2489 280 2546 nulla
294 2488 370 2555 sunt,
391 2487 455 2545 clun
470 2487 555 2544 animi
568 2486 684 2544 inaniter
705 2497 871 2543 moveantur
891 2506 941 2546 eo·

71 2560 138 2620 dem
155 2562 243 2622 modo
257 2564 335 2622 rebus
348 2565 396 2632 iis,
416 2581 480 2640 quae
494 2562 576 2620 nullae
591 2563 659 2630 sint,
679 2574 709 2620 ut
727 2563 775 2630 iis,
794 2580 859 2636 quae
879 2562 939 2624 fint.

70 2638 147 2696 Narin
162 2638 226 2708 clim
241 2639 349 2710 dicatis,
369 2642 513 2720 inquiunt,
533 2638 586 2696 visa
601 2637 729 2715 quaedam
744 2638 818 2696 mitti
836 2636 851 2695 a
872 2639 938 2710 deo,

55 2713 147 2777 „velut
160 2733 210 2786 et,
229 2733 293 2792 quae
306 2718 335 2775 in
348 2717 459 2774 somniis
473 2714 617 2774 videantur
633 2757 642 2784 ,
661 2731 781 2790 quaeque
795 2715 910 2774 oraculis
925 2759 935 2787 ,

71 2790 193 2867 auspiciis
212 2833 223 2864 ‚
242 2794 310 2852 extis
337 2793 539 2853 tdeclarentur:
561 2793 634 2868 (haec
647 2795 724 2851 enim
736 2792 813 2866 ajunt
827 2788 1046 2928 pr⁰b²2issagteg²⁸
1102 2787 1104 2792 ’

939 2920 1011 2968 multa
1031 2919 1079 2970 add.

1075 731 1080 759 l

65 3039 132 3090 tiam.
148 3040 209 3092 dixit
223 3044 287 3093 enim
301 3060 342 3090 non
351 3045 466 3106 jungitur,
480 3057 536 3106 pro,
552 3056 602 3090 non
614 3039 751 3104 respondet,
762 3054 812 3088 nou
822 3037 932 3098 cohaetet,

65 3118 117 3153 noo
127 3107 247 3155 convenit.
261 3108 287 3155 in
298 3121 363 3170 quo,
378 3107 472 3170 inquit,
487 3105 592 3154 mraxime
603 3105 786 3160 convincuntur,
801 3102 867 3166 quod
882 3104 932 3152 duo

65 3179 166 3241 procori
185 3169 302 3218 ruentibus
316 3167 409 3217 sumunt
428 3168 580 3217 vehementer
592 3169 753 3231 repugnantia.
787 3169 889 3224 omnino
905 3168 931 3216 δε

64 3243 91 3278 tn
101 3185 257 3296 libtoffcripto
267 3233 404 3281 bernardini
415 3229 497 3279 Maffei
509 3231 608 3294 legitur,
623 3233 770 3295 conjungitur,
782 3227 834 3286 sed,
845 3243 870 3278 ut
882 3228 935 3278 sen·

66 3289 103 3342 sua
115 3291 233 3353 ostendit,
250 3294 366 3359 corrupte.
399 3298 522 3345 estanar.

96 3363 137 3411 ⁶7.
153 3357 209 3422 Qu
225 3362 308 3412 omnino
323 3359 385 3411 nulla
395 3359 468 3422 [nm]
496 3359 548 3405 Sint
562 3355 646 3407 retatus
663 3355 751 3408 liabent
767 3368 856 3408 veteres
872 3354 936 3407 libri.

67 3419 142 3478 Μ’·
466 3480 637 3546 rsfffrfs
803 3546 808 3557 ,
846 3487 883 3533 ⁶¹·
900 3484 938 3547 ra

1035 3556 1094 3677 jd
