2318 3914
186 166 215 226 ¹.
269 138 818 246 Lina'n'·Qunnrua.
899 160 983 256 2299'

104 268 199 350 sophia
223 277 318 336 multia
345 287 428 351 atque
445 291 573 348 magnae,
592 292 651 334 non
667 274 704 333 est
719 274 787 333 satis.
825 272 879 333 Sed
898 279 1017 353 quo-92}

104 354 180 410 niam
195 353 302 415 tantum
316 357 345 413 in
360 370 393 410 ea
407 351 594 429 anteponitis:
614 351 706 410 videte
722 393 731 421 ,
750 368 787 409 ne
808 362 903 410 contra
916 370 968 411 vos

104 438 164 486 tota
185 444 247 490 nata
270 431 309 490 fit.
347 445 412 505 quae
433 427 525 503 primo
547 423 684 502 progressu
704 424 799 485 seiiivd
818 426 899 486 tradit
912 427 969 487 ele·

103 517 197 563 menta
218 506 352 583 loquendi
379 507 409 563 &
439 504 632 579 ambiguorum
654 503 739 562 intelli
759 503 861 561 entiam
896 520 967 562 con·

102 579 286 658 cludendique
301 584 460 639 rationem:
488 592 548 639 tum
565 622 573 647 ,
593 581 684 654 paucis
697 520 817 648 additis,
837 580 913 638 venit
932 579 968 639 ad

100 654 210 726 soritas,
230 659 363 716 lubricum
386 655 447 714 sane
474 655 699 731 &periculosum
714 656 825 713 iocum:
846 657 922 730 quod
936 668 968 714 tu

100 732 190 790 modo
206 732 313 791 dicebas
329 731 381 790 effe
395 731 523 791 vitiosum
538 730 724 807 interrogandi
739 749 833 807 genus.

139 808 244 866 XXIX.
263 813 320 882 Qu
330 827 341 866 1
352 829 370 866 o
386 826 451 884 ergo
461 808 552 867 iiiiius
565 809 624 867 vitii
638 807 811 866 numnostra
827 805 968 882 eulpaest?

100 900 194 941 rerum
215 897 309 942 natura
329 885 429 943 nuliam
451 884 530 944 nobis
551 884 626 943 dedit
639 883 830 958 cognitionem
845 882 963 953 finium,

99 971 133 1016 ut
146 959 200 1016 ulla
215 961 244 1018 in
259 978 288 1018 re
309 960 422 1019 statuere
443 961 596 1036 poiiimus,
626 960 811 1037 ¹⁶quatenus.'
840 977 893 1018 uec
909 960 965 1018 hoc

99 1035 130 1090 in
145 1050 246 1094 acervo
259 1036 338 1094 tritici
360 1037 470 1106 solum,
496 1037 570 1094 unde
591 1054 698 1095 nomen
720 1036 781 1105 esi,
801 1035 847 1094 sed
870 1036 983 1094 enullae
998 1041 1031 1087 ira
1043 1040 1099 1101 Vis.

100 1111 221 1168 omnino
236 1113 264 1170 in
278 1129 306 1170 re
322 1114 478 1171 minutatim
493 1114 669 1186 interroganti
686 1131 693 1169 ε
720 1110 796 1169 dives
811 1155 819 1180 ,
840 1104 1013 1187 pauperr⁶¹ii
1022 1104 1080 1161 ⁰¹¹¹*

99 1184 200 1253 clarus,
219 1187 343 1246 obscurus
363 1188 417 1247 sit:
446 1190 531 1247 multa
547 1192 689 1263 ,'pauca:
710 1204 809 1263 magna
827 1231 835 1255 ,
850 1187 961 1262 parva:

53 1264 59 1279 ‘
97 1260 197 1337 ionga,
218 1263 323 1329 brevia:
343 1263 413 1333 lata,
433 1263 558 1339 angusta:
570 1276 683 1338 ,quanto
705 1276 752 1320 aut
773 1261 893 1334 addito,
913 1278 960 1324 aut

97 1336 237 1411 dempt0,
266 1352 372 1398 'certum
394 1340 627 1415 respondeamus,
656 1353 715 1397 non
742 1339 883 1397 habemus.
921 1341 961 1400 At

42 1488 44 1493 Ι
96 1414 186 1472 vitiosi
202 1414 262 1473 sunt
274 1416 373 1474 soritae.
414 1417 573 1490 ¹7Frangite
594 1417 674 1489 igitur
695 1432 768 1485 eos,
792 1412 936 1490 sipotestis
951 1454 1001 1514 ,93
1040 1404 1051 1427 ⁰

42 1516 44 1521 ·
94 1505 132 1546 ne
147 1491 253 1550 molesti
270 1491 330 1551 sint.
357 1497 451 1551 'erunt
463 1494 556 1560 enim,
576 1491 625 1550 nist
640 1491 748 1550 cavetis.
786 1504 897 1549 cautum
914 1491 961 1563 est,

42 1564 45 1599 ²
94 1564 193 1640 inquit.
231 1567 318 1642 placet
332 1569 408 1626 enim
424 1568 594 1643 Chrysippo,
615 1567 678 1624 ciun
692 1566 824 1643 gradatim
845 1569 963 1626 interro·
1002 1589 1010 1599 ’

42 1668 44 1677 ·
93 1653 198 1714 getur,
226 1645 300 1702 verbi
325 1643 424 1714 causi,
450 1645 524 1714 tria,
559 1661 645 1719 panca
665 1643 739 1711 tint,
759 1660 830 1700 anne
851 1645 954 1704 multa:
994 1650 1020 1699 Ρ.
1039 1652 1067 1707 a,

42 1714 50 1753 ³
94 1716 233 1793 aliquanto
247 1718 334 1795 prius,
354 1720 439 1796 quam
455 1720 489 1778 ad
504 1721 590 1778 muita
609 1720 773 1794 perveniat,
793 1720 956 1795 quiescere,
993 1736 995 1741 ·

42 1790 51 1828 ῑ
91 1791 121 1849 id
143 1792 203 1863 est,
228 1795 305 1871 quod
326 1795 360 1854 ab
379 1798 410 1855 iis
424 1796 546 1864 dicitur,
573 1795 731 1869 ἡσυχάζειν.
768 1796 821 1854 Per
842 1813 888 1854 me
909 1797 956 1855 vel

42 1864 51 1901 i
88 1866 181 1939 stertas
193 1871 272 1942 iicet,
292 1873 381 1948 inquit
396 1871 567 1941 Carneades,
586 1891 645 1931 non
659 1869 746 1931 modd
761 1870 887 1946 quiescas.
907 1872 953 1931 sed

42 1938 49 1979 ἶ·
108 1944 156 2003 uid
171 1947 313 2081 ἕτοὶίεἰῐ.)
339 1947 457 2022 sequitur
471 1948 548 2006 enim
562 1948 609 2024 qui
629 1960 657 2007 te
680 1967 716 2006 ex
735 1947 835 2005 somno
851 1949 954 2006 excitet

42 2088 46 2101 Ι
133 2037 169 2078 eo
190 2023 339 2083 em'rnodo
353 2026 511 2098 interroget.
549 2023 562 2066 t
566 2023 654 2100 Quod
673 2025 702 2081 in
723 2039 843 2094 numero
859 2025 972 2082 conti-f
983 2033 1039 2095 Quo

42 2110 47 2171 .'
80 2096 187 2160 edistii
207 2099 273 2159 stad
287 2116 352 2158 enm
374 2117 522 2158 numerum
543 2117 631 2160 unum
652 2098 807 2170 addidero,
827 2093 1069 2171 mairanegas-u

82 2174 187 2243 erunt?
206 2177 379 2252 progrediere
394 2176 503 2245 rursus,
524 2176 617 2252 quoad
632 2176 775 2235 videbitur.
801 2175 878 2251 Quid
891 2158 1004 2251 plu-“¹¹·
1131 2239 1133 2242 ,

81 2247 211 2310 ra'?·hoc
227 2255 301 2310 enim
316 2252 449 2323 &faterist
470 2252 561 2329 neque
581 2253 709 2311 ultimum
730 2264 758 2311 te
778 2244 1110 2328 paucorumssffteb‘ds‘

67 2342 178 2407 ‚neque
192 2329 311 2404 primum
328 2328 478 2388 multorum
498 2329 660 2404 respondere
681 2325 765 2404 posse.
804 2330 880 2405 cujus
900 2313 1006 2418 gre-⁴¹⁸⁸·
1032 2326 1035 2331 ’

878 2423 950 2466 nens

114 2555 154 2596 16.
172 2547 281 2604 Quatenus
291 2561 315 2590 ne
325 2546 361 2590 hac
370 2546 394 2592 in
403 2560 476 2591 acerva
485 2546 556 2594 tritici
562 2545 691 2604 summum]
707 2544 709 2548 ’
720 2543 817 2598 Veneti,
832 2543 946 2608 Quem

76 2613 167 2658 nechar
184 2612 208 2655 in
223 2624 295 2654 acervo
311 2611 381 2654 tritici
391 2609 482 2668 folum,
508 2609 563 2655 unde
576 2625 648 2655 nomm
662 2607 697 2665 est.
731 2612 766 2654 Ac
784 2604 830 2654 effe
849 2604 948 2667 quidem

72 2672 164 2723 soritis
181 2684 272 2719 nomen
286 2668 375 2718 fastum
390 2669 419 2718 ab
437 2684 538 2726 acervo,
564 2672 605 2734 qui
625 2674 689 2728 cupit
704 2669 757 2725 est,
776 2667 828 2717 satis
844 2666 944 2718 constat.

74 2732 225 2792 Cuiusmodi
239 2734 311 2781 etiarn
326 2733 372 2781 hoc
387 2731 416 2781 fit
430 2736 566 2796 captionum
582 2735 606 2782 &
623 2730 768 2780 fallaciarum
784 2730 859 2794 magis
870 2727 945 2792 quim

73 2797 316 2863 argumentationum
332 2809 424 2858 genus,
445 2799 482 2846 vei
498 2797 545 2844 hoc
560 2796 615 2842 loeo
630 2810 643 2841 a
660 2795 776 2843 Cicerone
790 2795 889 2857 planum
904 2791 941 2840 sit.

42 2888 47 2899 ι
72 2860 143 2925 Quid
154 2873 234 2912 autem
245 2861 270 2907 &
281 2870 357 2905 utrum
363 2860 472 2918 summum
483 2873 512 2906 an
519 2859 590 2920 folum
599 2855 645 2905 effe
655 2854 746 2913 dicam,
762 2870 811 2902 non
822 2853 945 2902 etiamha·

70 2923 125 2974 beo
139 2921 286 2970 constituere.
307 2921 420 2981 Quamvis
440 2922 536 2984 quidem
549 2921 619 2978 fitium
641 2921 718 2980 magis
739 2916 844 2972 arridet,
868 2916 901 2962 ita
916 2926 943 2963 ut

70 2987 190 3050 scriptura
209 2983 360 3045 distinguatur
378 2999 384 3030 z
414 2989 447 3029 vt
462 2985 523 3029 nulia
539 2986 562 3028 in
578 3000 600 3028 re
618 2981 710 3041 statuere
731 2981 819 3042 'affimat
835 2992 947 3041 quatenus.

69 3056 120 3099 Nec
131 3054 169 3096 hoc
183 3049 207 3107 ίῳ
221 3064 296 3093 acervo
310 3048 381 3091 tritici
391 3045 461 3104 solum
477 3047 546 3106 (unde
556 3043 678 3107 nomennest)
691 2993 736 3102 [εἰ
746 3044 807 3088 nulia
818 3045 900 3087 omnino
916 3043 941 3087 saa

65 3132 94 3169 η
105 3113 153 3165 &a
171 3112 250 3172 Atque
260 3105 432 3181 propemodum
442 3109 473 3155 ita
484 3123 534 3154 non
545 3108 607 3154 male
617 3103 732 3154 sehabere
743 3104 815 3153 lenio
828 3103 940 3163 hujusIo·

63 3177 91 3225 ei
104 3172 205 3223 uidetur.
238 3176 269 3220 Ut
280 3174 365 3219 Cicero
375 3170 450 3225 dieat,
466 3185 516 3217 non
527 3167 602 3217 solum
614 3167 644 3215 de
659 3168 729 3216 tritici
744 3182 848 3220 avervo,
866 3181 879 3214 a
890 3179 937 3229 qua

67 3254 97 3289 κο
108 3236 147 3287 titi
161 3235 264 3296 captioni
275 3248 364 3282 nornen
374 3230 491 3281 redditum
508 3231 576 3280 suerit
589 3244 599 3278 :¹
617 3228 655 3279 sed
671 3232 701 3279 tie
716 3224 764 3279 ulia
779 3230 876 3295 quidem
892 3229 939 3276 alia

67 3300 103 3352 de
117 3314 144 3347 re
154 3297 288 3345 minutatim
299 3296 453 3359 interroganti
464 3292 596 3358 responderi
607 3292 671 3357 posse
681 3306 778 3346 certum.
795 3298 875 3342 Camer.

106 3379 145 3419 ¹7·
168 3362 266 3416 frangite
280 3364 346 3421 agitur
361 3358 554 3421 eos,fipotestis.]
581 3358 665 3407 Lefflo
678 3355 758 3405 forsan
774 3358 851 3417 minua
868 3354 946 3403 resia(
968 3390 973 3399 .

70 3432 129 3474 tiam
144 3422 260 3485 suipra
273 3424 384 3485 irergitur.
405 3420 449 3471 see.
458 3425 529 3485 angiae
543 3423 630 3484 quitos.
647 3421 760 3471 ntntmvis
777 3419 939 3483 proposuerim

66 3489 186 3555 vulgato,
202 3436 272 3550 quod
277 3487 360 3535 attinet
371 3474 468 3551 quidem
478 3482 511 3596 aq
516 3482 725 3596 qchqthpqimam.
756 3486 842 3531 urna·
877 3549 888 3589 ς
914 3540 944 3586 S·

137 3554 163 3563 ''
188 3556 192 3561 '
657 3562 671 3596 a
862 3557 897 3591 a.
932 3556 942 3587 t
