2318 3914
232 120 425 185 Lrurtre
474 115 773 199 Quintus.
864 111 946 197 2817

58 224 62 229 '
108 226 173 286 Nec
187 223 256 283 verb
275 222 353 284 Atlas
376 222 503 283 suslinere
525 222 651 291 caelum,
678 242 731 282 nec
760 224 944 283 Prometheus
987 218 1011 264 Ρ·
1028 219 1060 265 Β·

66 302 166 361 affixus
181 302 304 360 Caucaso
320 343 329 370 ,
349 317 402 361 nec
420 311 443 341 ¹¹
454 299 572 357 stellatur
593 301 724 375 Cepheus
738 316 803 357 cum
829 318 918 357 uxore
930 277 975 369 ,8

66 394 192 453 genero,
212 376 265 435 lilia
280 377 450 447 traderetur,
471 375 519 432 nisi
534 375 683 434 caelestium
711 375 802 433 divina
819 377 943 451 cognitio

66 470 175 513 nornen
192 470 291 513 eorum
306 452 342 511 ad
356 469 479 511 errorem
493 452 594 511 fabulae
609 448 776 511 traduxisset.
804 453 830 508 A
847 452 946 528 quibui

67 528 144 588 duerr
168 530 299 604 deinceps
320 545 444 598 omnes,
464 528 511 605 qui
533 529 561 586 in
586 546 677 587 retum
707 529 946 602 contemplatione

66 605 154 664 sludia
167 607 328 682 ponebant,
348 605 480 680 sapientes
503 606 533 662 ὃ(
554 605 751 674 habebantur,
772 606 801 663 &
816 605 947 662 nomina-

66 682 189 742 bantur:
209 682 295 758 idque
318 699 418 741 eorum
447 698 555 741 nomen
576 700 664 758 usque
687 692 712 722 ¹2
722 683 756 739 ad
778 681 866 757 Pytha
886 697 945 739 otae

67 758 194 817 manavit
207 770 337 818 aetatem:
358 775 444 835 quem
454 800 463 827 ,
472 770 504 816 ut
518 757 606 816 scribit
619 759 729 818 auditor
743 699 946 816 Platoniss’on·
961 768 962 773 ’

66 836 138 893 ticus
160 834 345 904 Heraclides,
365 836 407 892 vir
428 834 525 894 doetus
539 835 568 892 irr
584 835 700 909 primis,
720 834 877 893 Phliuntem
900 834 944 889 se·

68 923 134 970 runt
147 909 267 981 venisse,
288 928 412 988 eumque
427 928 492 969 curn
515 910 651 981 Leonte,
671 912 793 986 principe
812 909 944 968 Phliaho-

69 1002 158 1055 rum,
185 987 268 1047 docte
288 991 318 1046 ὃς
339 987 452 1063 copiose
465 984 610 1045 disseruisse
630 987 769 1064 quaedam.
810 987 887 1061 cujus
902 987 945 1045 in·

67 1063 183 1139 genium
211 1065 241 1125 δι
265 1065 453 1141 eloquentiam
478 1062 543 1122 cbm
564 1063 713 1123 admiratus
735 1061 801 1122 esset
835 1064 943 1130 Leon,

67 1138 222 1217 quaesivisse
237 1159 272 1200 err
288 1158 343 1210 eo,
361 1156 417 1218 qua
431 1138 555 1199 maxime
568 1151 626 1198 arte
640 1140 801 1199 confideret.
820 1151 849 1197 at
863 1139 940 1198 illum

69 1229 159 1276 artem
172 1215 288 1293 quidem
310 1218 338 1276 se
360 1219 426 1276 scire
449 1217 552 1276 nullam
570 1259 579 1286 ,
598 1216 644 1276 sed
662 1215 715 1275 esse
736 1201 970 1293 philosophum.d
986 1202 1070 1255 “¹⁰¹³‘'

67 1291 257 1353 dadmiratum
271 1294 414 1352 Leontem
439 1295 593 1353 novitatem
614 1294 753 1360 nominis,
773 1290 939 1370 equaefilse,
953 1280 1048 1376 ἵξῃ

69 1371 185 1459 quinam
200 1367 286 1429 essent
299 1370 474 1445 philosophi,
495 1368 606 1445 &quid
620 1370 691 1427 inter
705 1386 754 1426 eos
776 1370 804 1427 bt
821 1368 965 1447 reliquose
981 1365 1064 1465 qm.

69 1443 218 1506 interesset.
953 1457 1077 1506 villetta.

107 1522 295 1599 Pythagoram
309 1534 404 1584 autem
418 1520 601 1600 respondisse,
623 1532 649 1576 ¹³
660 1520 776 1581 similem
793 1521 840 1581 fibi
855 1521 974 1608 videtin

902 1614 946 1657 vr·

70 1760 131 1813 lium
141 1762 167 1813 dt
179 1761 261 1812 Silium
272 1778 316 1827 pro
327 1776 407 1811 annuo
418 1760 495 1826 spatio
504 1760 631 1826 usurpatur.
664 1761 767 1825 Quidam
778 1762 840 1811 erari
853 1797 860 1819 ,
876 1758 946 1812 idest

68 1824 158 1886 parri,
181 1825 310 1874 attribuunt
322 1840 397 1874 cvrrr.
416 1839 500 1874 annot.
535 1822 654 1873 interdurn
665 1840 720 1873 atas
730 1827 839 1887 accipitur
858 1841 900 1887 pro
912 1828 945 1874 C.

72 1887 158 1944 euniu3
175 1887 294 1936 interdum
305 1903 349 1951 pro
359 1901 468 1950 ternpore
479 1888 587 1937 humane
598 1889 651 1937 vita:
668 1888 814 1951 longissimo,
831 1891 930 1943 Pertalis.

105 1963 142 1999 rr.
158 1950 263 1999 Stellatem
274 1956 361 2014 cepheus
370 1967 418 1997 cum
429 1967 507 2007 mere,
520 1968 610 2014 genero,
622 1950 677 2012 filia
687 1954 826 2009 traderem]
841 1953 947 1999 tiresiatus

73 2009 140 2062 idem
158 2014 222 2061 valet
239 2027 266 2061 ac
281 2016 303 2062 ir
321 2018 395 2074 repere
411 2014 554 2072 τιθίμτνΘ,
572 2011 610 2062 seu
630 2013 808 2065 annectere-Sale
823 2046 830 2068 ,
844 2026 871 2062 ut
882 2014 946 2065 resse

72 2073 135 2125 vidit
153 2073 226 2124 uadi.
244 2075 367 2126 Turnebus
379 2074 478 2126 Advers.
490 2075 530 2125 lib.
542 2090 592 2125 vrr.
613 2088 666 2140 cap.
681 2082 716 2124 16.
741 2076 848 2137 Cepheus
863 2076 947 2134 enim,

72 2140 193 2196 uxorejus
206 2138 354 2203 Casiiopeim
377 2139 427 2187 silla
440 2138 594 2188 Andromeda
614 2137 743 2187 &Perseus
758 2152 830 2202 gener
846 2141 870 2186 in
888 2138 949 2189 fide-

73 2200 208 2250 ensuerunt
223 2203 299 2253 relati.
332 2202 460 2251 videantur
475 2203 527 2253 Cic.
546 2206 579 2253 N.
592 2207 625 2253 1).
636 2217 668 2253 rr.
694 2216 745 2265 cap.
759 2215 798 2259 4³·
814 2202 947 2253 &Theon

74 2264 220 2314 inritatum.
237 2274 336 2330 pagam
371 2267 452 2326 Davis.

108 2342 145 2376 12.
162 2330 208 2375 Ad
218 2333 337 2391 Pythagora
352 2332 454 2377 manavit
465 2334 566 2388 marem]
598 2331 668 2377 Hunc
684 2325 779 2378 tradunt
790 2325 948 2390 Pherecydem
1050 2340 1053 2359 '

75 2389 176 2446 audisse,
193 2391 257 2448 euius
269 2405 363 2441 :etatem
374 2393 495 2457 attingunt
505 2393 556 2447 illi,
565 2393 607 2453 qui
620 2390 707 2455 septem
713 2390 844 2456 sapientum
856 2405 948 2445 nomen

69 2452 101 2502 'iu
113 2455 203 2502 Gracia
213 2453 321 2505 habuere,
354 2453 405 2518 lpse
421 2455 502 2507 slomit
517 2454 568 2518 poss
582 2454 647 2510 hos,
668 2456 743 2503 Dario
760 2455 812 2504 filio
829 2452 950 2517 Hystaspis

73 2515 193 2565 Persarum
206 2528 420 2581 tenenteregnum.
452 2519 536 2581 quibus
553 2530 602 2566 cern
621 2516 739 2566 oribus&
760 2519 894 2583 Polycrates
911 2529 919 2563 r
937 2538 951 2557 ι

72 2592 163 2628 rannus
179 2579 224 2629 suit
243 2582 326 2636 sarni,
343 2596 416 2645 quem
433 2582 578 2645 Pythagoras
620 2581 686 2644 giem
700 2581 725 2628 in
746 2582 841 2630 ltaliam
859 2580 948 2635 venie

71 2642 180 2692 traditur.
212 2642 368 2693 suisseautem
385 2649 410 2694 bc
428 2645 483 2693 inde
500 2643 644 2698 oriundum,
676 2644 763 2707 quippe
777 2645 950 2706 Tyrrhenum,

75 2718 226 2767 gemmarum
236 2704 359 2769 sculptoris
369 2707 454 2757 silium.
487 2706 517 2755 de
527 2719 577 2768 quo
591 2718 673 2755 temen
689 2705 756 2755 aliter
764 2705 794 2755 de
804 2704 951 2761 sermonibus

74 2764 229 2816 Phliasiorum
243 2771 268 2819 dt
280 2771 442 2834 Sicyoniorum
453 2769 578 2820 Pausanias
591 2768 752 2827 κορινθιτκοῒς.
784 2770 860 2819 scribit
870 2768 951 2840 enirq,

77 2829 209 2895 Hippasum
221 2830 347 2881 Phliasium
360 2833 504 2882 recusantem
515 2846 597 2897 parere
608 2830 778 2889 Doriensibns,
793 2848 895 2893 qnorum
906 2831 952 2879 im·

75 2895 144 2958 perio
155 2891 248 2941 Phliasii
257 2892 281 2942 se
293 2893 433 2955 subjecturos
449 2895 495 2946 esl'e
511 2892 700 2952 constituissent,
720 2909 774 2944 cum
789 2896 842 2947 aliis
854 2892 951 2957 quibus·

74 2956 135 3007 dam
152 2954 176 3004 in
195 2959 291 3004 samum
307 2959 329 3006 le
343 2957 474 3009 contilisse.
506 2959 581 3019 Hujus
596 2956 693 3022 Hippasi
716 2962 828 3020 quartam*
842 2956 952 3009 sobolem

75 3016 123 3069 esse
135 3019 310 3082 Pythagoram,
324 3020 400 3071 silium
413 3021 566 3081 Mnesarchi,
582 3021 647 3085 cujus
656 3033 723 3086 pater
733 3019 811 3072 suisset
822 3020 951 3086 euphrae,
1019 3039 1021 3043 ’

76 3082 140 3133 filius
155 3080 261 3146 Hippasi.
295 3090 402 3135 carmem.

76 3145 777 3274 trististristissiritii?
790 3158 953 3273 ‘rilindi‘

77 3270 158 3336 γοριτ)
174 3276 213 3323 cir
229 3272 261 3324 eir
276 3274 315 3321 τὸν
331 3248 445 3328 βίοτιτὸν
462 3224 590 3328 ashrsehr’
602 3272 696 3329 nsandei
712 3226 869 3336 cessassetis:
885 3291 955 3323 arere·

76 3335 151 3395 primic
173 3337 307 3384 ἀπαντῶντι
331 3335 415 3392 ὁμίλῳ·
445 3336 473 3388 rie
497 3338 545 3398 pri<
573 3332 647 3385 iresca
667 3337 809 3387 metrodorus
834 3336 955 3395 φοιτῶντες

75 3395 213 3454 ἄνθρωποι,
240 3399 322 3455 aiat&
344 3398 401 3447 κατ’
422 3398 486 3448 tinae
503 3400 581 3460 χριὶιν
596 3396 749 3455 tenram,
770 3398 840 3460 ipit
861 3409 956 3461 χριμιι

75 3457 167 3521 'crapas
182 3456 212 3510 ‘rs
228 3458 268 3512 us
284 3459 363 3527 *ἱρὰς
378 3460 446 3526 χᾶρη
460 3460 633 3574 imperatorisve!
641 3461 680 3512 ‘rsa
700 3460 779 3524 §sprot
793 3460 956 3570 ἰηηὸμιτβὲ

518 3538 673 3573 reserata
905 3541 916 3570 e
