2318 3914
48 119 121 139 ··
227 101 769 190 brnrnQuanrus.
853 126 938 194 ²279

63 215 246 304 enimflrnagis
258 212 397 281 raffentirl
411 211 527 289 ¹pot-est
546 213 613 274 hoc·
630 209 698 279 illud
719 206 773 297 esse
806 210 892 288 quarn
918 211 958 272 fir
973 213 1085 273 attenua

62 295 136 354 inter
149 293 193 350 tila
201 292 321 351 omnino
334 291 404 354 nihil
422 285 568 348 intereffet.
605 288 695 348 habeo
711 303 787 366 cmm
801 284 996 364 regulamMS·
1112 306 1116 310 ’

67 381 99 429 ttt
111 369 174 427 ralia
190 367 243 426 visa
258 385 322 426 vera
331 366 475 442 judicem,
496 365 587 441 qualia
599 365 661 441 salsa
674 360 728 423 effe
742 380 801 423 non
815 343 1070 455 poffuntjffihoe

65 444 100 504 ab
113 446 166 505 hac
180 445 248 504 mihi
261 463 320 503 non
334 445 400 501 licet
419 441 601 501 transversum
616 484 625 512 ,
644 452 675 499 ut
689 441 767 526 ajunt
786 482 794 510 ,
814 442 932 516 digitum
985 443 992 458 ⁸

66 519 220 590 discedere,
247 538 283 581 ne
305 515 478 578 confundam
500 519 606 578 omnia.
642 517 712 576 Veri
734 515 809 574 enim
836 517 936 578 &falfi
971 537 997 585 r.
1016 536 1045 590 p.

67 614 128 656 non
151 596 240 655 modo
263 595 413 671 cognitio,
438 593 484 654 sed
505 596 535 653 &
556 608 652 654 natura
670 590 805 661 tolletur,
830 591 937 655 finihil

65 674 134 742 erit,
153 673 233 749 quod
246 671 365 731 intersit:
387 685 417 728 ut
432 673 515 731 etiam
536 670 603 730 illud
623 668 768 729 absurdum
783 667 838 737 srt,
858 670 935 746 quod

63 748 207 811 interdurn
220 747 310 807 soletis
324 748 431 818 dicere,
450 746 514 806 clm
531 748 584 806 visa
597 746 763 806 inranimos
775 744 955 820 imprimat-r
970 755 1057 809 animia
1113 765 1117 778 ·

62 836 133 895 tur,
161 842 222 883 non
236 842 286 883 vos
307 823 336 884 id
353 824 468 893 dicere,
488 825 560 883 inter
579 822 645 899 ipsas
664 818 852 896 inpreffiones
869 819 992 884 nthatrr.
1059 830 1071 838 ’”

65 897 213 967 interesse,
231 898 276 959 sed
297 899 485 976 interspecies
504 901 534 959 ὃς
557 898 690 976 quasdam
709 899 814 957 formas
828 915 941 960 eorum.

67 976 158 1053 Quasr
171 973 240 1035 >veri>
254 995 312 1036 nort
324 977 413 1052 specie
425 976 481 1036 visa
491 976 649 1052 judicentur
664 994 672 1034 r
692 991 756 1051 quae
770 971 856 1035 fidem
878 976 941 1037 nul·

63 1053 124 1112 lam
141 1052 295 1122 habebunt,
312 1051 413 1127 sublati
427 1053 486 1112 veri
501 1050 603 1112 &falfi
616 1049 694 1110 noti.
765 1110 775 1117 .,

110 1127 181 1187 Illud
197 1127 262 1186 verb
282 1129 500 1204 perabsurdum,
527 1126 605 1204 qubd
619 1128 707 1186 dicitis
721 1125 870 1202 probabilia
889 1148 940 1190 ros
949 1153 983 1212 59

66 1203 163 1281 sequi,
182 1203 202 1263 st
216 1223 246 1262 re
259 1206 332 1265 nulla
345 1205 544 1281 impediamini.
564 1203 686 1264 Primum
700 1202 942 1320 quispotestisnou
1036 1276 1040 1281 ,

66 1281 108 1341 im
146 1280 297 1350 diri,ci11u
319 1281 336 1342 a
358 1283 428 1340 veris
452 1281 513 1340 salsa
534 1299 592 1340 non
607 1280 720 1340 distent.
746 1279 847 1341 deinde
862 1286 940 1359 quod

62 1356 99 1436 jri
121 1358 349 1426 'ciumestveri,
368 1354 745 1418 cumfitcommunefalfi?
771 1358 814 1417 Ex
832 1360 874 1419 his
893 1361 937 1420 illa
1003 1404 1006 1409 -

66 1431 220 1495 ueceffarid
235 1450 298 1493 nata
312 1434 351 1492 est
366 1435 474 1506 ἒποχῆ,
495 1434 542 1500 ²id
565 1434 602 1495 est
622 1430 776 1497 assensionis
792 1438 911 1495 retentio
929 1449 958 1496 :2
972 1448 1066 1498 amm

68 1511 101 1571 in
136 1528 171 1570 ua
184 1511 282 1570 melius
297 1510 344 1570 sibi
360 1511 479 1570 constitit
498 1510 629 1569 Arcesilas
646 1553 655 1580 ‚
681 1508 701 1568 si
722 1527 785 1571 vera
799 1511 859 1571 sunt
873 1497 998 1587 quaes‘ss·
1010 1517 1072 1550 vom

67 1529 262 1649 deiameade
276 1589 403 1657 nonnulli
415 1586 577 1666 existimant.
617 1586 728 1659 fieuirrr
748 1590 851 1664 percipi
871 1564 1046 1675 nihilssm'
1119 1625 1124 1634 ·

69 1663 178 1739 potest,
196 1664 274 1738 quod
288 1665 395 1741 utrique
417 1663 504 1723 visum
527 1663 586 1723 est:
606 1661 742 1723 tollendus
762 1661 875 1724 assensus
895 1665 1025 1739 estmorae.

73 1739 153 1816 Quid
165 1742 241 1798 enim
256 1738 294 1798 est
313 1753 370 1800 tam
403 1739 481 1799 futile
513 1738 599 1817 quam
619 1740 771 1816 quidquam
792 1743 941 1818 approbare

71 1834 133 1875 non
146 1813 312 1890 cognitum?
333 1815 506 1876 Carneadem
520 1821 614 1875 autem
630 1817 714 1895 etiarn
736 1817 795 1875 beri
813 1818 939 1877 audieba-

70 1908 152 1963 mus,
170 1892 301 1952 asolituna
316 1890 368 1952 effe
383 1893 471 1953 delabi
484 1893 640 1963 interdum,
660 1904 691 1951 ut
705 1891 824 1960 diceret,
844 1895 962 1969 opina-²
977 1892 1075 1969 bueron*

71 1956 183 2037 tirum,
203 1968 302 2038 idest,
322 1983 499 2045 peccaturum
513 1966 746 2044 ellesapientetm
768 1969 841 2029 Mihi
855 1971 939 2046 porro
946 1973 1000 2018 ⁶⁰²¹}-
1011 1955 1090 2012 Μ·

70 2063 133 2106 non
147 2060 205 2104 tam
219 2057 327 2104 certum
344 2045 406 2116 est,
426 2041 479 2104 esse
494 2044 620 2122 aliquid,
665 2044 723 2105 uod
741 2048 942 2122 comprehendi
1015 2083 1022 2095 x

70 2121 170 2258 ffffit'
190 2121 225 2179 de
246 2138 304 2196 quo
321 2123 381 2198 jam
402 2121 520 2181 nimium
541 2123 625 2181 etiarn
646 2062 693 2190 iro
713 2120 837 2196 disputo,
856 2124 943 2198 quarn

99 2200 223 2273 pientem
237 2199 305 2257 nibil
312 2199 441 2274 opinari,
461 2195 567 2269 idest,
592 2214 747 2274 numquam
769 2196 886 2259 assentiri
903 2202 945 2260 tei

74 2275 121 2334 rel
135 2274 208 2332 falsae
235 2274 280 2332 vel
305 2276 465 2350 incognitae.
681 2299 684 2305 ·

113 2349 206 2409 Restat
219 2349 302 2420 illud,
321 2351 398 2427 quod
413 2349 526 2419 dicunt,
544 2352 603 2410 veri
616 2349 776 2411 inveniendi
791 2350 989 2413 caustcon-oo
1040 2404 1043 2409 .
1114 2372 1119 2381 ⁸

73 2439 115 2487 tra
130 2428 227 2484 omnia
240 2425 295 2485 dici
308 2440 438 2502 oportere
464 2430 500 2486 bc
521 2447 571 2502 pro
586 2428 723 2487 omnibus.
761 2428 839 2487 Volo
862 2431 944 2504 igitur

72 2503 189 2571 videre,
207 2502 274 2578 quid
287 2505 452 2562 invenerint.
491 2505 560 2562 Non
573 2503 708 2573 solemus,
726 2504 832 2579 inquit,
852 2507 943 2566 osteu-

65 2579 149 2639 'dere
189 2581 265 2652 Quae
278 2577 337 2638 sunt
351 2580 464 2638 tandem
479 2580 525 2638 ista
540 2579 686 2656 mysteria?
705 2592 814 2639 auteur
834 2583 945 2654 celatis,
987 2648 991 2655 ,

75 2653 151 2790 guasi
164 2668 245 2728 turpe
258 2653 358 2732 aliquid
374 2698 383 2724 ,
402 2656 564 2715 sententiam
586 2655 701 2715 vestram
717 2656 729 2715 ἒ
750 2657 814 2725 Ut,
833 2659 882 2733 qui
896 2677 945 2717 au-

95 2733 171 2801 ient,
190 2730 296 2806 inquit,
316 2732 422 2793 ratione
441 2731 530 2807 potiits
557 2732 642 2807 quiam
655 2733 816 2791 auctoritate
842 2734 944 2794 ducan-

76 2819 128 2867 tur.
168 2805 280 2883 Quidsi
295 2808 464 2884 utrumque?
485 2826 553 2870 num
568 2810 645 2884 pejus
668 2809 731 2868 etr
752 2826 840 2867 unum
853 2823 950 2943 Ἥρη
1004 2858 1015 2871 ..

90 2923 93 2929 -
403 2898 406 2903 ’
887 2886 952 2946 'ud

74 3068 99 3106 at
109 3057 176 3106 enim
184 3056 248 3109 dices
261 3091 269 3114 ‚
285 3071 325 3105 rne
335 3054 400 3120 aque
427 3056 477 3106 oss’e
488 3056 591 3107 assentiri
602 3060 628 3108 dc
643 3058 794 3115 concedere,
810 3058 858 3108 hoc·
872 3074 946 3112 ortam

73 3117 122 3170 csse
133 3121 207 3178 illud,
223 3126 248 3173 dt
260 3120 348 3175 rursus,
363 3071 427 3167 illusi
435 3153 442 3176 ,
457 3121 504 3169 hoc
520 3119 585 3177 else,
606 3133 631 3170 ut
653 3121 746 3171 fiinter
761 3136 806 3171 ova
822 3123 864 3171 illa
883 3124 944 3176 nihil

72 3184 177 3244 omuino
187 3182 311 3235 interesset.
328 3181 398 3245 Resp,
415 3190 462 3229 Noa
472 3184 501 3242 est
511 3188 552 3233 ira.
568 3184 695 3232 haiemim
706 3204 726 3232 re
740 3187 798 3231 ulam
808 3187 853 3237 dre.
868 3190 944 3252 Sape-

71 3260 174 3294 numero
189 3261 268 3297 autem
284 3245 405 3311 scriptores
420 3245 527 3294 librarios
545 3260 647 3296 errantes
667 3202 775 3310 scripsisse
789 3252 875 3312 magis,
898 3266 941 3314 pm

71 3310 164 3364 inlaesa
181 3312 206 3360 bc
218 3315 394 3363 contramimrs,
411 3324 454 3371 pro
469 3315 538 3371 magis
553 3342 560 3365 ,
586 3310 659 3361 sciunt
674 3314 716 3374 qui
730 3311 831 3361 tradant
848 3311 941 3363 codice·

70 3368 289 3435 manuscriprom&
299 3373 346 3423 boc
357 3370 595 3439 judicarunt-qnidam
604 3375 647 3428 viti
656 3371 747 3428 doctri
765 3373 943 3438 &Philosophi

71 3435 98 3486 ἃ
112 3431 300 3504 Ῐωίκοηίιὼί..
316 3436 416 3487 Lerabra.
432 3442 434 3446 '

835 3515 872 3559 v·
890 3503 942 3552 ΡῙῘ·
1033 3542 1035 3546 .
