2318 3914
150 138 155 147 .
231 102 421 181 Llpnttt
463 104 768 203 Qunam·
860 130 942 197 ²477

65 219 121 285 fita
130 211 284 277 nominas?
304 212 504 292 Itaquehomo
516 214 546 273 in
559 215 800 291 primisingenuus
824 218 855 278 δε
878 236 941 295 gra·

65 296 131 365 vis,
150 294 178 354 di
198 310 248 353 nus
259 290 304 351 itta
316 290 499 353 familiaritate
520 290 654 366 Scipionis
680 293 709 350 δι
724 292 822 364 Laelii,
840 296 940 355 Panae·

65 372 178 441 tiua,c
241 368 276 429 ad
291 370 330 505 ἓ.
343 368 529 427 Tuberonem
550 367 585 427 de
606 366 703 426 dolore
727 368 857 443 patiendo
876 371 939 433 scti-

67 447 166 516 heren
185 445 293 523 quode
315 463 331 504 e
345 458 428 521 caput
441 442 576 514 debebat,
591 442 611 502 fi
625 444 731 519 probati
745 441 940 520 poffet,.nu1'n·

92 541 159 583 uam
208 522 277 594 suit,
295 540 356 585 non
370 516 543 597 coenatum
557 519 684 579 dolorem
701 539 709 579 ι
727 520 774 581 sed
790 521 857 597 quid
875 520 941 583 effes

68 541 168 676 {equa
179 618 213 671 e,
232 611 425 677 quantumque
439 599 468 657 in
484 617 519 658 eo
533 593 629 656 inesset
643 597 741 665 alieni,
760 596 861 657 deinde
874 617 940 675 quae

66 677 142 735 tatio
154 674 220 736 effet
233 675 390 751 perferendi
404 695 411 732 :
432 675 510 749 cujus
523 672 637 749 quidem
651 715 660 741 ,
680 674 814 748 quoniam
835 675 942 735 Stoicus

67 753 141 823 fuit,
160 752 312 825 sententia,
331 749 517 829 condemnata
529 750 598 809 mihi
614 749 723 809 videtur
735 746 789 809 effe
803 752 943 813 ²7imma·
972 766 978 775 ·

68 828 142 889 nitas
156 829 203 897 ista
219 828 377 886 verborum.

110 905 259 975 X.'Sno,
280 922 328 961 nt
349 902 460 979 propius
477 903 511 964 ad
524 921 575 973 ea,
595 903 685 972 Cato,
704 903 857 974 accedam,
874 923 940 983 quae

70 978 91 1039 ὶ
113 993 142 1039 te
165 980 237 1038 dieia
257 978 340 1050 sunt,
359 980 466 1055 pteffius
485 997 620 1055 agamus,
639 997 744 1054 eaque,
762 998 827 1056 quae
849 983 939 1043 modo
1088 1044 1092 1053 ,

70 1056 180 1125 dixisti,
200 1054 264 1125 cim
278 1057 310 1115 iis
323 1057 512 1125 conferamus,
532 1074 596 1131 quae
610 1056 660 1115 tuis
674 1068 825 1131 antepono.
866 1062 941 1136 Quae
952 1081 988 1136 24

70 1131 138 1191 suut
150 1133 231 1207 igitur
244 1131 406 1191 communia
419 1131 505 1197 vobis,
518 1149 583 1191 cum
604 1132 720 1207 antiquis
735 1174 744 1202 ,
763 1133 804 1193 his
824 1132 861 1193 fic
881 1148 943 1196 uta-

74 1225 158 1277 mur,
176 1207 408 1285 quaficonceffis:
426 1226 491 1285 quae
512 1207 542 1267 in
563 1207 777 1267 controvetfiam
801 1212 941 1285 veniunt,

46 1322 49 1327 -
74 1283 113 1343 de
128 1286 176 1355 iis,
194 1283 333 1360 fiplacet‚
352 1281 517 1344 differamus.
555 1284 628 1343 Milii
643 1282 710 1342 veto
725 1327 734 1352 ,
752 1285 866 1363 inquit,
885 1289 943 1363 pla·

75 1363 178 1437 cetegi
191 1360 309 1420 subtiiiits
335 1362 365 1421 ὃ(
381 1403 389 1429 ,
409 1375 440 1419 ut
454 1360 509 1436 ipse
525 1359 628 1429 dixisti,
646 1359 762 1435 preffius.
781 1379 846 1437 quae
862 1368 939 1425 enim

42 1476 44 1481 -
74 1435 167 1496 adhuc
180 1436 312 1512 protulisti
334 1438 475 1513 popularia
488 1436 564 1495 sunt:
586 1454 639 1513 ego
654 1449 746 1495 autem
760 1435 776 1495 ὲ
792 1450 820 1497 te
831 1439 941 1527 elegan-

74 1511 146 1571 tiota
159 1512 292 1573 defideto.
310 1514 338 1572 A
353 1531 437 1573 mene
450 1526 498 1583 tu,
517 1510 653 1590 inquam?
672 1513 717 1571 sed
728 1526 824 1573 tamen
837 1532 941 1590 enitar,

74 1588 124 1723 &i
143 1586 266 1650 fiminits
280 1590 350 1649 mihi
363 1591 449 1649 multa
463 1602 625 1660 occurrent,
642 1606 701 1647 non
713 1590 818 1666 fugiam
832 1592 878 1653 ista
891 1612 943 1671 po·
991 1648 994 1655 .

94 1681 187 1725 natta.
612 1718 616 1727 ,

71 1681 93 1739 p
117 1741 170 1801 Sed
196 1738 303 1803 ‘timim
318 1740 439 1820 potitum
453 1742 509 1811 stt,
528 1740 709 1817 nosmetipsos
728 1744 941 1807 commendatos
951 1764 986 1821 25

72 1812 130 1877 effe
144 1761 239 1890 nugis,
254 1821 428 1896 primamque
442 1837 476 1877 ex
491 1832 586 1877 natura
599 1819 670 1877 hanc
682 1818 782 1879 habete
795 1823 941 1896 appetitio·
963 1824 1070 1875 nem.

70 1910 161 1964 nem,
179 1896 416 1955 uteonsetvemus
430 1894 620 1969 nosmetipsos.
657 1894 880 1965 hoeconvenit:
900 1899 941 1957 se-

71 1969 169 2045 quitur
188 1972 279 2042 iliud,
299 1984 329 2031 ut
350 1968 625 2040 animadvertamus,
649 1971 698 2047 qui
716 1968 890 2047 fimus'ipfi,
909 1988 941 2034 ut

71 2064 146 2115 nos,
167 2048 259 2123 quales
273 2060 383 2123 oportet
397 2044 469 2117 effe,
486 2046 632 2105 servemus.
659 2046 740 2105 fimus
754 2048 835 2123 igitur
848 2050 942 2109 homi·

71 2140 125 2181 nes
141 2142 149 2180 ε
169 2124 313 2183 exanimo
328 2122 481 2182 constamus
496 2124 525 2183 ὃ(
539 2140 655 2199 corpote
668 2144 679 2191 ;
698 2140 763 2198 quae
782 2124 843 2183 sunt
857 2123 942 2183 28ειι-

66 2197 280 2275 jusdammodi;
300 2218 407 2279 nosque
422 2210 550 2275 oportet,
568 2212 599 2258 ut
611 2201 697 2275 prima
711 2201 842 2275 appetitio
862 2216 943 2259 natu-

72 2275 136 2333 ralis
150 2276 284 2350 postulat,
303 2277 365 2335 haec
379 2276 509 2353 diligete,
524 2276 740 2351 constituereque
755 2294 790 2334 ex
800 2277 841 2335 his
855 2275 940 2337 finem

74 2350 157 2419 illum
172 2351 271 2411 summi
292 2353 359 2411 boni
384 2366 467 2433 atque
481 2353 592 2410 ultimi
617 2370 720 2427 quem,
740 2351 860 2427 fiptitna
875 2371 939 2412 vem

72 2424 146 2495 fint,
164 2428 201 2486 ita
215 2429 344 2488 constitui
358 2428 463 2487 neeeffe
479 2428 534 2496 est,
555 2446 772 2495 catum-retum,
787 2415 963 2505 quaehsunth
979 2414 1025 2466 ΗΜ

70 2502 224 2562 secunditm
240 2521 381 2574 naturam,
401 2505 486 2579 quim
507 2506 622 2591 plutima
649 2507 678 2562 δι
704 2503 789 2581 quim
818 2507 939 2565 maxima
948 2482 1030 2530 Μεθ’·

72 2579 194 2655 adipisci.
214 2582 300 2640 Hunc
313 2583 394 2657 igitur
407 2578 493 2641 finem
505 2580 542 2639 illi
557 2593 719 2641 tenuerunt:
738 2581 871 2658 quodque
886 2600 939 2657 ego
949 2575 985 2632 26

72 2654 198 2789 pluribus
212 2657 299 2715 verbis
308 2699 320 2739 ,f
335 2658 372 2715 illi
388 2656 509 2726 brevius,
528 2655 677 2715 secundnm
691 2668 817 2717 naturam
838 2658 941 2719 vivete.

97 2730 188 2790 ochis
203 2731 341 2793 bonomm
356 2734 463 2793 videtur
479 2745 644 2792 extremum.

115 2807 166 2866 XI.
184 2809 268 2868 Aon
290 2828 392 2868 nunc
412 2808 452 2871 issi
479 2810 620 2879 doceant,
647 2808 692 2869 vel
709 2820 741 2867 tu
760 2808 851 2885 potiits
870 2811 942 2885 (quis

867 2903 944 2946 emm

107 3141 146 3183 27.
162 3124 340 3186 Immanitaaista
350 3126 481 3185 verbnm]
496 3132 592 3189 laam'tas
606 3126 638 3177 est
650 3126 787 3188 inantiquo,
803 3128 878 3181 Urna.
893 3133 942 3181 Cut

76 3203 130 3237 non
140 3191 231 3249 notavit
244 3194 418 3252 Gtutetus,pto
428 3193 553 3237 immanitas
568 3204 608 3241 ant
624 3193 717 3236 inanius
732 3192 758 3237 in
774 3191 855 3239 multis
870 3192 943 3242 editis

77 3250 128 3313 legi
137 3254 271 3300 immanitate
279 3266 318 3301 aut
328 3255 449 3309 inanitate,
463 3265 488 3301 ut
497 3254 602 3314 florentia
611 3248 713 3303 fitcafita
723 3252 814 3302 reatu!
828 3268 879 3319 qut
891 3270 941 3306 cet-

75 3310 103 3361 te
116 3313 212 3361 varietas
223 3328 272 3365 non
283 3314 410 3380 spemenda
420 3328 460 3364 aut
471 3312 501 3363 de
513 3315 589 3365 nihilo
599 3314 670 3365 videti
681 3314 760 3379 poffit.

110 3382 147 3423 aa.
165 3379 267 3435 Bisada
276 3381 356 3438 Μὴ]
380 3383 467 3429 vetum
478 3376 525 3438 et.
540 3378 606 3445 quod
617 3380 643 3433 is
654 3380 753 3441 imai,
768 3380 884 3443 satjaidau
892 3398 940 3429 ma·

72 3439 121 3500 ai,
137 3435 162 3490 id
172 3437 219 3499 en,
232 3438 289 3493 ntia
300 3460 360 3507 aava,
389 3450 496 3496 (amarer.
866 3450 869 3455 '

226 3532 230 3537 -
835 3520 879 3563 ao.
892 3505 961 3565 Qi-
