2318 3914
219 124 303 206 2576
363 117 983 185 TuscenDrsnurnrronunr

218 232 392 305 stinguetur:
414 231 470 290 50sr
492 231 530 291 est
548 231 709 293 Aristoxeni
729 232 904 303 harmonia,
933 229 1113 293 diffolverur·

224 308 303 382 Quid
317 308 353 367 de
368 310 536 368 Dicaearcho
551 310 660 381 dicam,
679 310 728 386 qui
747 308 816 368 nihil
828 310 954 368 omnino
977 312 1112 369 animum

70 396 159 449 edicit
221 384 314 443 tdicat
328 382 409 445 elle?
429 387 482 445 His
496 385 634 444 sententiis
655 386 784 447 omnibus
803 384 872 444 nihil
893 385 959 461 post
983 400 1113 447 mortem
1153 411 1155 428 ι

71 465 125 521 cmi·
136 456 212 507 ml·
224 461 362 537 pertinere
375 464 410 521 ad
424 480 595 539 quemquam
609 462 707 539 potest.
745 461 846 538 pariter
859 464 938 521 enim
957 480 1033 523 cum
1056 464 1112 522 vita

222 536 311 596 sensus
325 540 467 599 amittitrn.
505 558 564 599 non
579 539 717 599 sentientis
730 551 844 608 autem,
861 538 935 597 nihil
948 538 1012 610 est,
1027 540 1112 599 ullam

225 616 256 672 in
278 628 384 689 partem
405 616 484 693 quod
511 615 623 675 intersit.
660 616 830 690 reliquorum
850 614 1005 675 sententiae
1035 616 1112 692 spem
1148 645 1151 658 ·

225 689 345 750 afferunt
361 736 369 760 ‚
390 692 411 750 sr
429 706 457 751 te
472 691 544 751 forte
557 694 614 751 hoc
628 692 746 751 delectat
761 735 771 763 ,
789 690 867 767 polle
880 693 1000 752 animos
1016 735 1026 764 ,
1046 693 1108 751 ciam

227 766 419 843 dcorporibus
433 766 619 839 excellerint,
639 769 669 829 in
689 768 814 836 caelum,
854 768 912 827 nasi
932 770 965 828 in
990 770 1108 829 domici·

227 843 298 902 lium
313 846 410 915 snum,
429 846 583 922 pervenire.
622 846 659 905 A.
675 847 727 904 Me
747 843 815 903 vero
833 786 977 905 delectat:
998 846 1107 923 idque,

113 954 141 1001 r.
161 952 189 999 n.
229 921 351 995 primhm
366 924 403 981 ita
418 921 472 981 elle
485 923 605 981 svelim:
626 922 744 992 deinde,
764 918 965 981 etiamsinon
981 920 1034 995 fit,
1044 922 1106 981 mihi

79 1028 92 1063 s
107 1012 180 1063 velim
231 1010 327 1058 tamen
342 999 495 1074 persuaderi
509 1000 603 1059 velim.

80 1078 149 1142 quad.
159 1075 208 1123 edd·
269 1075 313 1132 Μ.
329 1075 407 1150 Quid
422 1077 470 1135 tibi
492 1094 559 1151 crgo
580 1076 664 1153 operi
676 1073 767 1136 nostri
781 1093 851 1150 opus
865 1075 905 1135 est
921 1074 936 1135 ?
958 1094 1033 1136 num
1056 1075 1106 1134 elo·

80 1140 212 1189 muahmr.
231 1149 345 1226 quentiai
359 1154 504 1213 Platonem
518 1156 641 1227 superare
656 1151 816 1228 pollumus?
837 1152 943 1212 evolve
967 1153 1105 1229 diligenter

184 1220 220 1275 25
234 1228 291 1299 ejus
305 1245 371 1287 eum
385 1229 502 1299 librum,
522 1231 570 1305 qui
584 1230 623 1288 est
637 1230 672 1289 de
686 1230 782 1288 animo
796 1250 804 1291 a
825 1229 944 1304 amplius
959 1232 1041 1307 quod
1063 1228 1105 1286 de·

233 1301 333 1363 fideres
358 1305 427 1364 nihil
447 1308 506 1366 erit.
543 1308 581 1365 A.
595 1308 661 1365 Feci
674 1308 856 1376 mehercule,
876 1309 908 1363 ὃ(
928 1306 1050 1383 quidem
1063 1305 1106 1362 sae·

236 1381 297 1454 pius
312 1424 320 1448 ,
340 1382 387 1440 sed
401 1382 492 1441 nescio
506 1401 565 1459 quo
579 1383 685 1451 modo,
705 1383 773 1442 dum
786 1382 865 1459 lego,
874 1378 1026 1453 ailentior:
1046 1381 1103 1441 chin

84 1482 95 1517 t
111 1467 207 1532 deposui
237 1464 249 1497 t
254 1457 334 1532 posui
345 1458 465 1529 librum,
487 1462 516 1517 &
530 1477 643 1517 mecum
657 1458 712 1533 ipse
725 1459 761 1518 de
775 1460 991 1519 immortalitate
1004 1460 1106 1519 animo-

83 1533 139 1582 MS·
237 1550 300 1591 rum
317 1538 389 1611 coepi
405 1538 550 1610 cogitare,
577 1534 690 1594 ullenho
710 1537 802 1594 omnis
823 1536 867 1595 illa
880 1536 1033 1596 velabitur.
1067 1537 1104 1593 M.

84 1610 100 1643 v
116 1594 219 1647 illabitur
236 1612 315 1685 Quid
327 1609 404 1671 hoc?
424 1613 506 1670 dasne
521 1626 568 1671 aut
582 1630 694 1671 manere
709 1615 816 1673 animos
831 1611 893 1689 post
907 1626 1053 1683 mortem,
1066 1622 1106 1669 aut

84 1657 216 1777 ffirfflss
236 1700 328 1745 morte
346 1688 400 1763 ipsa
422 1688 559 1747 interire?
585 1690 622 1748 A.
635 1690 684 1749 Do
706 1686 783 1748 vero.
821 1691 864 1749 M.
885 1690 995 1763 Quid,
1015 1690 1035 1749 fi
1055 1705 1106 1747 ma·
1151 1709 1154 1716 ·

89 1784 163 1834 eamr,
190 1774 195 1782 '
237 1761 341 1822 neam?
361 1766 398 1823 A.
413 1764 511 1824 Beatos
525 1762 578 1823 elle
593 1765 728 1825 concedo.
768 1767 812 1824 M.
826 1767 877 1825 ¹Si
893 1764 1056 1827 intereant?
1073 1766 1106 1823 A.

86 1860 104 1893 x
119 1846 214 1896 sirint.
238 1840 306 1897 Non
322 1839 375 1900 elle
390 1843 658 1918 miseros‚qnoniam
673 1860 709 1900 ne
724 1842 774 1901 sint
788 1843 911 1920 quidem.
932 1855 948 1897 r
951 1845 1015 1917 jam
1031 1843 1108 1909 istnc,

86 1910 140 1957 MS.
238 1916 328 1975 coacri
347 1916 430 1987 ate,
449 1920 540 1993 perillo
561 1918 625 1977 ante
646 1919 836 1977 conceffimus.
875 1921 918 1977 Μ.
934 1922 1010 1995 Quo
1025 1918 1107 1977 modo

87 1984 222 2082 2¹3²th
237 1992 319 2065 igitur
345 2007 393 2053 aut
424 2013 472 2054 cur
495 2006 617 2054 mortem
638 1996 742 2054 malum
765 1996 814 2053 tibi
835 1994 925 2055 videri
943 1998 1033 2065 dicis,
1052 2012 1108 2071 quae

87 2050 141 2095 ‘¹²‘
222 2069 286 2127 'aut
306 2071 400 2130 heatos
419 2090 478 2131 non
498 2073 621 2141 efficiet,
648 2072 746 2130 animis
767 2072 966 2141 manentibus,
986 2087 1108 2133 autnon

240 2146 351 2205 miseros
370 2190 379 2217 ,
398 2147 474 2206 sensu
489 2147 633 2207 carentes?

194 2229 230 2287 26
276 2224 341 2283 ΧΠ.
360 2225 397 2282 A.
416 2226 576 2283 Expone
598 2226 704 2300 igitur,
730 2223 779 2282 nifi
800 2223 953 2283 molestum
976 2226 1018 2287 est
1036 2270 1045 2296 ,
1064 2226 1111 2317 nri·

1038 2320 1110 2363 nrurn

240 2449 288 2497 hoc
303 2450 345 2508 fir,
361 2451 431 2500 docet
443 2455 528 2501 Cicero
538 2453 578 2502 lh.
588 2469 617 2501 rr.
635 2452 665 2502 de
675 2457 878 2502 NaturaDeorum
889 2452 927 2500 his
940 2454 1036 2504 verbis:
1053 2460 1112 2505 Prie·

238 2518 293 2565 cipio
310 2518 366 2561 enim
381 2528 438 2561 rma
450 2517 493 2573 fita
509 2520 532 2563 in
552 2519 623 2563 media
634 2530 695 2579 parte
714 2519 806 2572 ruendi,
827 2516 962 2578 circumfusse
977 2522 1077 2583 undique
1089 2518 1113 2577 rt

239 2578 279 2621 hac
297 2580 392 2624 animali
398 2579 541 2643 spirabilique
558 2593 649 2636 neema,
664 2584 700 2626 (ιη’
719 2598 792 2625 norrun
812 2579 841 2639 est
857 2587 904 2629 adr.
928 2585 1046 2631 Graecum
1061 2582 1113 2631 illud

239 2637 356 2699 quidem,
371 2639 410 2689 sed
426 2656 547 2704 receptum
558 2656 640 2690 tamen
652 2642 692 2689 usu
702 2657 717 2689 a
728 2641 811 2690 nostris
823 2659 829 2688 :
846 2642 930 2689 tritum
941 2644 979 2692 est
994 2648 1066 2693 enim
1078 2662 1113 2711 pro

239 2702 336 2751 Latino.
371 2710 432 2752 ltem
442 2706 467 2753 in
478 2707 590 2767 particula
600 2706 669 2769 primi
679 2704 801 2768 libri,quae
816 2704 885 2753 restat
894 2705 1017 2757 librorum
1030 2710 1115 2757 Acude·
1144 2745 1149 2762 .

239 2768 357 2815 micorum
367 2767 396 2816 ad
411 2773 553 2818 Varronem:
569 2776 645 2833 Iraque
658 2778 696 2816 ar'r
709 2784 791 2832 quaque
806 2770 888 2829 (uritur
902 2774 962 2815 enim
970 2784 1013 2833 pro
1030 2772 1114 2833 Latin.)

239 2834 307 2891 exuis,
325 2848 384 2895 equa
397 2835 423 2884 (³7
439 2845 496 2879 terra
507 2838 588 2891 prima.
621 2832 691 2880 Adeo
700 2845 780 2881 autem
797 2834 845 2891 jam
860 2845 918 2879 tune
934 2833 1044 2884 invaluit
1056 2840 1114 2884 Gre-

238 2906 294 2943 cum
310 2894 377 2953 hujus
387 2895 500 2944 elementi
510 2910 619 2948 nomen,
641 2908 666 2942 ut
681 2893 759 2957 saepius
776 2899 859 2943 Greco
869 2895 946 2960 qu‘am
958 2900 1055 2947 Larino
1070 2904 1116 2947 Ro·

238 2962 306 3007 mani
316 2972 448 3008 urerenturr
465 2972 528 3007 nune
538 2972 617 3006 autem
623 2958 734 3006 Larinum
745 2957 806 3007 adel>
816 2957 970 3019 antiquatum
982 2960 1020 3011 est
1032 2964 1058 3011 δι
1070 2962 1115 3011 inn-

239 3020 355 3078 firatum,
371 3037 396 3071 ur
413 3020 463 3070 fere
480 3021 510 3070 ab
525 3020 636 3070 omnibus
657 3033 681 3068 ut
692 3021 803 3084 ignorum
821 3020 957 3084 repudietur
969 3025 997 3073 δι
1007 3024 1117 3075 deleatur.

238 3090 354 3132 Aaronem
364 3099 444 3134 aurem
453 3082 532 3146 sepius
542 3085 616 3146 quarn
627 3087 725 3130 animam
739 3088 778 3133 eit
793 3085 870 3147 ψυχὴν
886 3088 1008 3148 appellari
1025 3090 1040 3138 a
1055 3089 1117 3137 Cice·

239 3160 300 3195 rone
311 3162 460 3209 compertum
474 3146 526 3195 est:
543 3151 568 3196 he
581 3146 613 3195 tic
627 3146 653 3194 in
664 3146 767 3211 antiquis
777 3147 952 3210 exemplaribus
961 3151 1036 3200 locus
1045 3150 1115 3199 illein

240 3223 299 3258 1111.
321 3210 352 3259 de
369 3215 460 3258 Natura
475 3214 582 3258 Deorum
597 3211 682 3272 legitur
699 3227 706 3257 :
721 3256 725 3266 ,
739 3218 779 3257 .Ar
794 3215 851 3257 mim
871 3217 951 3275 querit
967 3216 1032 3279 apud
1052 3218 1117 3261 Xm·

235 3275 335 3333 phonrem
349 3275 445 3321 Socrates
460 3275 516 3319 utare
530 3277 629 3321 animum
643 3276 773 3337 arripuerit,
784 3275 806 3332 fi
819 3275 892 3322 nullus
903 3276 979 3336 fuerit
996 3282 1024 3327 ἐκ
1034 3278 1114 3327 nude.

240 3335 330 3384 meror.

143 3378 158 3400 ⁰
273 3416 312 3455 50·
327 3400 356 3447 Si
366 3417 392 3444 ce·
403 3400 534 3460 Aristoxeni
541 3402 674 3458 harmonia]
688 3404 760 3450 Vetus
771 3398 843 3458 liber,
860 3403 890 3451 Si
898 3401 948 3464 est,
964 3416 991 3453 ur
1003 3404 1118 3466 Aridum·

234 3467 262 3518 ni
272 3464 398 3526 herminio,
428 3463 510 3522 Urhn.

1016 3544 1058 3581 sn.
1073 3536 1117 3576 oie·
