2318 3914
149 66 394 173 'Lunna
436 108 778 176 Secuuous.
862 132 946 193 23⁹¹

66 225 208 304 ponebat,
227 221 273 282 sed
284 220 445 282 suavitatem
460 220 546 296 ipsam
562 221 724 297 negligebat.
743 222 821 297 quod
833 224 945 285 nonsa-

67 315 163 370 ceret,
183 300 203 359 fi
217 301 246 359 in
261 300 403 375 voluptate
418 302 561 357 summum
575 298 682 355 bonum
697 313 822 372 poneret.

108 380 158 437 IX.
177 378 220 436 Sr
230 396 250 435 ir
259 396 277 433 ο
287 395 330 435 vr
341 396 360 434 n
372 395 418 434 na
432 374 470 432 est
485 376 566 449 igitur
580 373 722 448 uoluptas,
744 384 772 429 ³⁹
780 394 839 434 non
852 376 941 439 solbm

68 467 102 515 ut
115 454 188 513 resta
201 454 371 531 sequamini,
391 451 438 510 sed
451 453 535 509 etiam
550 461 580 503 40
588 462 619 507 ut
631 450 710 525 loqui
724 450 821 510 deceat
834 454 943 529 frugali·

67 544 119 591 ter.
157 530 338 591 Possumusne
352 529 435 604 igitur
448 526 991 601 invitatsummumbonumdicere,26
1092 534 1095 541 '

69 609 134 667 curn
146 607 177 667 id
189 626 226 667 ne
240 609 270 666 in
286 623 356 664 cena
371 603 486 681 quidem
499 599 576 679 posse
590 602 756 661 videamur?
776 606 845 676 Quo
853 606 965 667 modo²
981 605 1090 673 volupta-

68 699 163 745 auretn
185 683 364 759 philosophus
390 681 512 756 loquitur
531 681 581 738 tria
607 697 708 754 genera
738 667 1068 779 cupiditatumltjslsffia

66 761 203 821 naturales
237 762 267 818 δε
296 754 453 817 necessarias
474 777 482 815 ε
509 758 667 826 naturales,
686 776 744 816 non
760 755 919 817 necessarias
934 746 1002 819 2⁴¹⁸·

67 856 122 897 nec
137 837 292 902 naturales,
311 852 364 893 nec
379 830 555 893 necessarias?
563 832 683 908 primirm
699 834 789 892 divifit
802 834 945 910 inelegan-

65 926 115 973 ter.
145 913 205 970 duo
229 913 303 970 enim
327 928 427 987 genera
441 928 511 987 ,quae
532 923 634 979 erant,
653 911 720 969 fecit
736 912 794 969 tria.
832 911 890 969 hoc
906 913 944 973 est

66 1008 129 1049 non
143 987 284 1058 dividere,
302 987 348 1047 sed
368 988 492 1064 frangere
511 1005 580 1045 rem.
619 988 666 1063 qui
687 986 843 1057 fidiccret,
864 990 944 1065 cupi-

68 1067 190 1124 ditatum
205 1062 258 1123 esse
272 1064 329 1124 duo
349 1081 475 1140 genera,
502 1063 636 1123 naturales
663 1065 693 1121 &
713 1064 830 1123 inanes:
862 1080 944 1125 natu·

68 1143 170 1200 ratium
185 1159 298 1218 quoque
310 1143 379 1201 item
394 1141 476 1211 duo,
502 1136 659 1199 necessarias
691 1141 720 1197 &
740 1159 800 1199 non
822 1140 945 1201 necessa-

69 1220 122 1276 rias
136 1237 143 1277 ε
163 1230 191 1273 4¹
201 1217 328 1297 consessa
342 1235 385 1276 tes
399 1215 474 1277 esset.
493 1218 541 1294 qui
554 1217 617 1274 haee
631 1216 803 1286 didicerunt,
817 1234 881 1293 quae
897 1220 941 1277 ille

71 1296 245 1364 contemnit,
264 1294 300 1353 fic
313 1294 413 1357 solent.
454 1293 583 1352 vitiosum
598 1293 634 1351 est
658 1293 775 1352 enimin
792 1294 944 1355 dividendo

73 1384 179 1445 partem
193 1374 222 1443 in
234 1389 336 1447 genere
350 1388 506 1430 numerare.
619 1384 625 1397 ·

109 1448 163 1507 Sed
175 1449 231 1506 hoc
244 1446 306 1506 sane
320 1448 517 1513 concedamus.
556 1447 712 1505 contemnit
727 1446 802 1505 enirn
811 1445 939 1509 differen-
948 1466 988 1526 27,
1044 1458 1056 1494 '-

69 1522 99 1581 di
120 1524 307 1598 elegantiam:
342 1523 457 1584 confuse
477 1523 608 1599 loquitur.
645 1524 781 1609 gerendus
802 1523 838 1581 est
861 1543 941 1595 mos,

68 1599 159 1659 modo
175 1600 248 1659 reste
261 1601 365 1659 sentiat.
384 1601 422 1659 Et
435 1600 550 1677 quidem
565 1598 631 1658 illud
644 1599 731 1674 tpsum
747 1618 804 1657 non
820 1600 940 1660 nimium

66 1677 159 1750 probo
177 1678 257 1750 (42&
270 1690 379 1737 tantum
393 1678 494 1753 patior)
532 1675 706 1750 hilosophum
721 1674 799 1751 loqui
812 1676 847 1734 de
861 1680 940 1754 cupi·

66 1752 194 1812 ditatibus
208 1753 342 1812 finiendis.
381 1756 429 1813 An
443 1695 531 1829 potefi
545 1753 676 1827 cupiditas
697 1750 768 1810 finiri
785 1751 796 1808 ἓ
815 1754 938 1814 tollenda
981 1755 1005 1804 ἲ·
1028 1753 1056 1811 Β.

67 1829 107 1887 est
126 1842 208 1906 atque
228 1830 397 1889 extrahenda
417 1829 551 1889 radicitus.
589 1830 649 1904 quis
670 1827 707 1885 est
722 1831 815 1898 enim,
835 1831 938 1907 inquo

68 1904 272 1981 necopinus,
312 1908 360 1965 uin
388 1906 462 1965 rests
484 1904 597 1980 cupidus
620 1904 674 1961 dici
695 1903 794 1978 possit?
815 1906 889 1980 Ergo
909 1910 941 1967 δε

68 1999 165 2040 auarus
178 1985 245 2050 erit,
265 1925 312 2041 seg
326 1974 419 2041 finite:
439 1982 544 2040 adulter
570 1978 666 2037 verum
681 1979 790 2037 habebit
804 1983 939 2040 modum:

68 2058 263 2118 &luxuriosus
277 2058 380 2117 eodem
395 2058 494 2117 modo.
533 2057 629 2132 Qualis
641 2054 688 2113 ista
702 2055 870 2131 philosophia
884 2060 940 2129 est,

67 2150 131 2207 quae
155 2152 214 2193 non
235 2137 378 2194 interitum
396 2134 492 2194 afferat
515 2133 676 2208 pravitatis,
695 2131 740 2190 sed
755 2131 787 2189 sit
807 2145 940 2195 contenta

68 2211 263 2269 mediocritate
293 2209 453 2269 uitiorum?
486 2227 654 2286 quamquam
680 2209 708 2266 in
729 2208 781 2265 hac
803 2209 938 2271 divisione

67 2305 128 2346 rem
142 2288 227 2362 ipsam
243 2287 348 2363 prorsus
362 2290 467 2364 probo:
487 2287 650 2363 elegantiam
665 2282 798 2345 dcfideto.
819 2288 939 2423 appssllet

895 2383 939 2425 aec

100 2518 136 2557 39·
154 2508 201 2551 Non
208 2506 279 2563 solum
288 2518 313 2552 ut
322 2505 527 2570 reslafequamini]
542 2503 628 2553 Melius
632 2504 761 2569 sequamur,
776 2514 801 2551 ut
812 2499 883 2553 habet
892 2518 940 2554 an·

67 2564 223 2628 tiquusliber.
256 2570 329 2627 vastia.

99 2646 138 2685 40·
154 2635 186 2674 vr
197 2633 258 2693 loqui
267 2630 479 2693 decmfrugasiter.]
493 2633 579 2691 Neque
590 2643 671 2677 vacare
684 2630 773 2678 mendo
783 2629 862 2678 locum
874 2631 938 2682 hunc

66 2691 179 2740 existimo
197 2693 265 2756 (quid
276 2696 340 2742 enim
353 2692 395 2742 fibi
405 2695 469 2748 vult,
486 2696 547 2755 loqui
557 2694 697 2755 frugaliter?
714 2708 767 2739 cum
784 2692 821 2740 hic
836 2692 936 2758 frugalis

66 2768 126 2802 cena
136 2756 216 2817 potius
233 2756 306 2819 quim
321 2756 398 2805 sermo
414 2756 533 2817 laudetur)
548 2772 624 2819 neque
643 2757 702 2804 mihi
717 2770 817 2810 tamen,
832 2758 937 2820 cupienti

66 2820 214 2875 emendate,
238 2819 357 2880 probabile
372 2820 500 2882 quicquam
516 2820 642 2874 succurrit,
657 2821 682 2866 in
699 2834 748 2881 quo
765 2819 819 2877 quia
836 2821 938 2867 meliore

66 2878 168 2990 §offan
179 2896 265 2931 eventu
275 2883 376 2931 aliorum
391 2883 534 2932 exercebitur
550 2881 662 2931 industria
676 2914 684 2937 ,
697 2880 831 2929 notandum
845 2882 937 2943 putaui.

66 2948 93 2994 P.
128 2960 191 2993 aaut.

98 3022 137 3065 41.
155 3006 250 3066 confessa
257 3024 289 3053 res
298 3009 351 3068 ffli-
375 3012 400 3055 ui
409 3012 450 3055 bac
455 3010 575 3056 didicerunt
582 3024 639 3070 ,quar
654 3009 691 3053 isse
702 3008 938 3066 contemnitficsosent.

68 3070 175 3129 Vitiosum
186 3074 242 3117 araim
252 3072 310 3129 aba]
340 3024 451 3119 Csausula
461 3072 518 3119 otto
534 3071 659 3119 verborum
670 3084 732 3116 nunc
749 3071 849 3131 primurn
868 3070 882 3118 d
898 3087 939 3121 me

68 3132 172 3181 redditur
181 3135 299 3183 Ciceroni.
311 3136 423 3182 camerni
435 3134 448 3181 ὲ
462 3135 565 3182 Palatino
577 3134 654 3180 tertio.
672 3132 869 3198 comparebarque
877 3135 938 3184 item

69 3196 197 3258 inprimit,
214 3213 294 3245 vetum
306 3198 371 3263 post,
383 3197 528 3258 [adfrangere
538 3197 611 3257 supra.
645 3198 731 3243 Gruter.

102 3275 140 3315 42·
159 3262 199 3319 (Er
215 3275 299 3307 amium
314 3262 418 3324 parier.)]
449 3265 485 3309 sic
500 3260 589 3322 reposui
609 3259 684 3307 aral.
712 3261 781 3309 rimo.
793 3259 849 3308 edici
866 3274 936 3317 antea

67 3334 155 3375 tamen,
165 3323 247 3391 'minus
258 3325 344 3373 vivide.
371 3326 435 3373 male
446 3328 519 3373 etiam
530 3325 571 3386 qui
582 3322 668 3386 trigam
680 3275 746 3371 issam
759 3323 882 3371 verborum
894 3339 935 3386 pa-

66 3383 174 3433 renthesi
191 3387 297 3435 eximunt
318 3388 529 3452 distinguuntque,
543 3389 624 3449 proba:
640 3387 746 3442 &ramea
756 3391 848 3451 patior,
861 3389 938 3435 Passa·

61 3450 171 3513 sophum,
190 3448 473 3504 utLarnbinianaeditio.
504 3451 572 3514 adera.
895 3515 918 3560 E

838 3528 880 3576 ῃ,
920 3525 957 3558 nstv
