2318 3914
225 103 421 169 Linea
464 101 761 182 Quintus.
867 115 951 187 2537

65 209 178 272 Pullum
194 211 394 278 Numitorem,
414 208 626 283 Fregellanum,
646 207 816 282 proditorem
828 227 947 295 ‚quam-

65 305 154 363 quam
169 288 324 362 reipublicae
336 286 436 345 nostrae
456 286 584 360 profuit,
610 304 668 342 non
684 284 743 341 odit
761 282 772 341 ?
793 302 852 359 quis
873 288 946 346 urbis

64 364 291 422 conservatorem
308 362 454 431 Codrum,
475 362 535 437 quis
551 362 680 419 Erechtei
695 360 760 418 filias
783 380 841 418 non
858 365 946 423 maxi·

68 439 119 497 md
133 439 243 499 laudat?
263 441 308 498 cui
324 438 430 498 Tubuli
443 456 551 496 nomen
566 437 635 496 odio
648 456 705 494 non
721 436 758 495 est
775 434 785 492 ἓ
807 440 866 512 quis
879 440 945 499 Art·
1079 501 1081 507 ,

65 515 167 575 stidem
181 529 260 576 unon
275 530 419 575 mortuum
436 514 542 589 diligit?
563 532 598 572 an
621 513 823 582 obliviscimur,
844 527 969 590 quant-q
985 542 1052 583 mot.

66 610 154 666 opere
171 591 197 646 53
206 595 234 652 in
257 593 396 652 audiendo
416 593 444 647 in
465 591 649 668 legendoque·
666 607 857 659 moveamur,
879 591 1082 669 cumtuqnno!

65 670 131 742 pie,
151 667 216 728 tirrn
239 670 352 740 amice,
381 666 445 726 curn
468 685 572 743 magno
593 667 688 726 animo
717 667 819 742 aliquid
840 668 945 729 riuum
953 656 1004 703 “¹¹¹

64 745 285 819 cognoscimus?

110 822 189 895 Quid
203 823 301 899 loquar
315 822 350 880 de
366 821 468 890 nobis,
497 822 545 898 qui
566 821 600 879 ad
619 820 731 879 laudem
752 820 782 877 &
803 820 838 879 ad
861 820 945 882 decus
957 815 991 891 63

69 900 147 966 nati,
170 898 299 973 suscepti,
318 899 430 958 inllituti
444 898 555 956 sumus?
576 900 624 974 qui
639 899 773 955 clamores
798 897 874 972 vulgi
907 914 948 957 at·
970 897 993 943 ¹³·
1007 892 1082 953 cm

69 976 334 1089 queairnperitorum
349 977 502 1034 excitantur
516 976 545 1034 in
559 975 668 1034 theatris
683 1017 692 1045 ,
713 972 778 1032 ciam
793 974 836 1032 illa
851 974 952 1047 dicuni

72 1062 118 1108 tui
127 1094 135 1108 .

153 1136 205 1203 Ego
220 1129 284 1204 fiam
306 1129 411 1200 Oresler.

73 1215 230 1282 contraque
247 1208 279 1265 ab
295 1208 398 1278 altero,

154 1282 237 1339 immi
252 1285 387 1341 enimveri
405 1303 446 1357 ego
457 1283 536 1356 fiam,
556 1285 686 1362 inquam,
706 1283 810 1357 Oresten

74 1356 186 1417 arcum
201 1372 294 1418 autern
311 1361 394 1418 etiam
410 1361 497 1418 exitus
513 1362 546 1418 ab
561 1376 677 1435 utroque
692 1361 770 1418 datur
786 1363 952 1424 conturbato
1013 1378 1016 1383 '

74 1437 231 1511 errantique
253 1437 309 1511 regi
333 1457 340 1494 :
366 1436 489 1494 60urnbo
512 1456 578 1513 ergo
600 1442 654 1495 un'a
679 1439 773 1495 vivere
797 1458 950 1514 precamur.

75 1512 185 1584 quoties
198 1513 254 1570 hoe
268 1515 355 1587 agitur
382 1513 531 1590 quandove
548 1557 556 1582 ,
585 1514 635 1572 nisi
650 1514 875 1574 admirationibus
891 1536 951 1577 ma-

76 1587 178 1644 ximis?
199 1589 295 1647 Nemo
311 1590 461 1664 elligitur,
481 1591 530 1666 qui
544 1609 602 1649 non
616 1588 876 1649 haneaffetiionern
892 1596 951 1653 ani-

75 1663 119 1721 mi
138 1664 237 1738 probet
263 1678 345 1743 atque
360 1666 475 1725 laudet:
497 1685 552 1743 qua
571 1685 631 1726 non
652 1667 741 1725 modo
764 1668 862 1727 utilitas
876 1672 952 1731 nulla

823 1752 825 1757 ’
876 1763 954 1822 quae-

76 1878 117 1926 dia
126 1879 207 1928 ailiam
217 1881 253 1940 est.
269 1881 349 1932 Livius
360 1885 473 1947 Epitome
484 1887 535 1931 Lx.
552 1888 578 1929 L.
594 1885 692 1945 Opimius
703 1888 739 1932 Pr.
753 1885 895 1943 Freqellaaas,
911 1888 953 1949 qai

77 1942 215 2000 defecerant,
232 1949 255 1992 in
265 1949 393 1993 deditionem
404 1952 486 2010 aceepit.
513 1944 627 1994 Asconius
639 1947 663 1994 in
680 1949 790 1995 oratione
803 1949 827 1992 in
843 1951 870 1995 L.
889 1949 953 1997 Piso·

78 2019 150 2063 uem,
166 2015 247 2055 Natum
260 2010 302 2065 all,
318 2009 409 2073 inquit,
427 2013 538 2073 Opimium
549 2014 571 2056 in
583 2015 679 2056 Pretura
692 2014 799 2072 Fregellas
808 2011 878 2070 ceprffe
892 2042 899 2064 ‚
912 2027 954 2074 qao

73 2068 135 2129 falla
156 2072 218 2132 orfus
234 2071 262 2130 est
275 2086 349 2120 ceteras
359 2089 441 2137 quaque
451 2075 544 2121 neminis
561 2075 638 2120 Larini
646 2073 715 2134 seems
730 2073 788 2120 mate*
804 2087 910 2119 animatas
921 2092 956 2121 re·

76 2132 170 2194 preffiffe.
187 2130 264 2185 Utfin.

111 2205 146 2251 58.
166 2200 310 2245 inradiando
328 2200 469 2263 legendaque]
496 2202 554 2247 Non
571 2197 667 2247 invideo
684 2202 806 2255 Gruteto,
825 2199 891 2259 quod
905 2197 954 2264 ipse

78 2257 177 2322 elegerit
188 2259 287 2310 studiose
297 2260 389 2318 nescio,
405 2277 436 2310 an
447 2265 564 2324 inquirere
577 2278 626 2310 non
638 2277 722 2312 amans
733 2264 854 2325 acceperit.
891 2264 954 2313 Mihi
968 2300 972 2309 .

77 2322 198 2385 perplacet
205 2325 385 2388 alterum‚quod
393 2324 481 2390 reposui
489 2341 518 2373 ex
526 2326 644 2381 Viliorio,
652 2328 717 2388 quod
727 2325 799 2374 etiarn
809 2327 918 2374 videbam
928 2327 955 2375 in

79 2387 179 2445 oprimis
190 2387 347 2443 membranis,
363 2403 422 2451 quas
435 2390 528 2451 reliquit
540 2403 619 2451 pater3
636 2404 709 2450 quum
722 2404 779 2437 mete
789 2392 885 2451 quidem
892 2389 953 2439 slent

80 2447 111 2493 ab
121 2448 212 2511 plebeia
222 2451 290 2501 tribu.
318 2452 364 2498 ilia
375 2454 483 2514 repetitio
494 2450 663 2514 praepositionis
675 2487 682 2508 ‚
700 2454 741 2500 illa
757 2466 823 2513 grata
840 2467 952 2515 transpo-

80 2508 136 2558 itio
146 2514 321 2573 conjunctionis
332 2517 414 2575 procul
426 2513 498 2563 dubio
510 2514 560 2561 sunt
572 2516 687 2563 'stilliana
700 2515 824 2563 suavitatis.
854 2520 952 2567 (irenae.

115 2590 151 2627 59.
170 2582 221 2621 Cum
230 2589 301 2622 ararem
312 2582 377 2624 ctiam
389 2581 458 2623 exitur
473 2580 498 2624 ab
509 2592 598 2640 utraque
613 2590 679 2625 tratur
696 2580 814 2624 conturbata
831 2582 955 2643 errantique

78 2642 145 2699 regi]
160 2642 237 2685 Locus
252 2640 329 2686 minus
341 2639 483 2704 castigatus,
509 2656 587 2701 neque
598 2642 739 2689 auxiliantur
751 2639 893 2688 membranae
909 2656 956 2690 no·

81 2701 140 2750 strae.
157 2703 258 2764 Scaliger
267 2703 354 2749 adlevit
366 2704 487 2767 margini,
508 2707 578 2751 exitas
592 2708 678 2767 utrique
688 2704 779 2751 datura
792 2708 911 2751 earaurlara
921 2720 957 2753 er·

80 2777 242 2827 ranrequerege.
277 2770 369 2814 Gruter.

113 2836 152 2877 60.
183 2831 256 2875 Ambae
268 2844 313 2890 erga
325 2829 368 2875 uei
385 2833 461 2878 vivere
468 2843 586 2887 precamur.
614 2833 694 2894 quaties
704 2834 741 2876 bae
750 2834 841 2892 agitur,
857 2831 956 2893 quanda·

80 2909 122 2949 ae,
139 2893 240 2951 restire]
256 2891 338 2940 Lestio
348 2907 398 2940 non
410 2894 472 2941 sana.
485 2908 540 2940 narn
556 2894 611 2941 vali.
620 2907 671 2940 tert.
681 2906 757 2953 quart.
771 2894 846 2953 quint.
859 2892 956 2941 interse-

82 2968 144 3004 tunt.
160 2961 251 3017 agitur,
273 2958 298 3007 dr
310 2957 427 3017 qreaadave.
441 2957 515 3004 sextus
526 2970 634 3019 preterea
645 2955 716 3004 serum
729 2989 736 3010 ,
752 2959 811 3000 anila
823 2970 867 3013 erqo
880 2971 957 3017 nagera-

81 3020 257 3079 tiampraamur
271 3022 353 3082 quaties
364 3022 400 3064 bac
410 3023 476 3078 igitur
486 3020 527 3076 esi,
543 3023 626 3083 quanda
639 3024 704 3069 isirar
716 3052 723 3073 ,
737 3019 786 3075 nist.
802 3016 840 3065 sed
848 3020 871 3065 &
884 3017 955 3069 habet

82 3080 114 3129 ad
125 3095 192 3131 oram
202 3097 312 3145 quattus,
329 3083 388 3130 aliis
403 3081 450 3143 legi
464 3099 471 3138 3
488 3085 547 3128 anilia
562 3099 606 3137 erre
618 3083 659 3140 fiai
674 3098 739 3129 unam
755 3098 823 3127 nerem
838 3084 957 3142 imprecan-

82 3156 127 3191 tur.
140 3146 183 3195 dac.
194 3146 259 3208 quod
271 3144 407 3209 postremum
427 3146 561 3205 proximum
573 3145 604 3193 eli
616 3159 679 3194 vero.
697 3146 762 3193 idem.
791 3143 868 3191 Etiam
876 3160 956 3193 mem-

85 3205 159 3255 brana
178 3222 274 3271 paterna
296 3208 367 3258 habet
382 3210 441 3254 areale
458 3224 503 3268 arga
516 3207 662 3271 lienanegamrd
679 3222 791 3271 precamur
805 3212 899 3270 quatiens
916 3212 953 3254 hac

83 3273 157 3330 angitur
168 3272 193 3323 d*
203 3276 286 3335 quande
296 3292 321 3319 ne
330 3274 378 3331 nist.
396 3274 457 3320 Hine
467 3270 550 3319 admisi
565 3274 590 3320 ti
602 3273 662 3317 antia
675 3307 682 3328 ‚
700 3282 725 3319 ut
742 3268 823 3334 partim
840 3272 955 3321 Ciceroni

82 3334 162 3397 piacet
173 3335 213 3382 ille
224 3334 518 3385 atcuiitivusmascuiiuus.
535 3333 691 3398 inpollremis
698 3332 791 3398 egregie
802 3347 866 3397 paret
878 3334 954 3382 latere

82 3399 175 3457 Quoties
193 3400 228 3443 riae
247 3404 333 3461 agitur,
352 3401 502 3463 ecquandone,
526 3400 568 3463 m'fi
583 3400 761 3450 adeea‘ratioaiias
777 3400 907 3448 maximis?
924 3402 953 3446 111

81 3458 163 3511 media
171 3472 238 3525 parte
246 3460 332 3516 hereo.
364 3467 461 3517 Gronov.
855 3528 871 3571 6
911 3522 929 3569 S

295 3568 299 3573 ,
873 3536 894 3572 1·
928 3536 955 3579 4.,
