2318 3914
272 114 806 198 Linthn'rurus.
899 139 979 209 2543

97 230 138 367 lsas
151 234 267 310 arripere
289 233 406 305 conati,
432 230 508 290 suam
530 231 643 305 quisque
663 230 751 290 rideri
771 232 859 293 voluit
879 234 976 295 afferre

115 313 275 371 ententiam.
702 314 705 319 '

141 387 231 445 XXV.
251 388 350 444 Snrn
374 384 408 444 ah
430 382 601 453 Aristotele,
622 381 638 441 d
656 383 850 461 Theophrasto
865 389 1021 460 miram-73

98 461 162 521 liter
176 463 213 521 est
234 463 341 522 laudata
362 479 411 535 per
432 462 459 519 se
478 460 533 536 ipsa
567 476 659 518 rerum
680 461 800 522 scientia.
837 463 894 523 hoc
913 482 973 525 uno

98 552 195 613 captus
209 539 328 598 Herillus
354 538 495 597 scientiam
522 536 661 595 summum
677 536 784 597 honuni
798 536 853 597 elle
878 539 975 601 desen-

99 614 157 684 dit,
177 633 304 673 nectem
320 613 404 671 ullam
429 614 509 672 aliam
531 631 579 688 per
600 613 627 671 se
650 615 844 688 expetendam.
883 618 976 676 Multa

99 690 161 749 sunt
176 692 248 749 dista
262 693 296 749 ab
316 691 435 767 antiquis
446 689 481 749 de
503 692 716 748 contemnendis
743 707 775 749 ac
796 691 975 765 despiciendis

98 766 178 826 rebus
192 768 328 827 humanis.
365 768 421 825 hoc
435 784 524 825 unum
538 767 630 824 Aristo
649 767 748 826 terruit.
787 781 886 842 praeter
909 770 976 828 vitia

99 856 184 919 atque
207 845 320 902 virtutes
345 843 456 919 negavit
477 861 536 901 rem
557 839 611 901 elle
633 842 717 901 ullam
744 856 790 901 aut
814 845 976 920 fugiendam

98 932 148 977 aut
162 921 356 995 expetendam.
394 917 517 979 Positum
531 918 569 977 est
585 918 601 977 ὲ
615 918 710 977 nostris
725 920 753 977 in
768 922 800 979 iis
808 923 976 996 rebus,quae

98 995 251 1054 secundhm
265 1008 390 1055 naturam
404 993 506 1063 essent,
526 1014 584 1054 non
606 995 710 1054 dolere.
749 997 805 1055 hoc
827 999 974 1074 Hierony-

97 1088 161 1130 mus
175 1073 314 1132 summum
328 1075 434 1132 bonum
449 1070 503 1130 esse
517 1071 593 1130 dixit.
632 1072 673 1129 At
700 1072 769 1131 vero
791 1073 917 1148 Callipho
941 1076 974 1133 δι

96 1149 159 1223 post
173 1166 238 1207 eum
252 1150 410 1218 Diodorum
431 1148 495 1207 chm
509 1149 576 1206 alter
591 1148 764 1223 voluptatem
779 1148 968 1221 adamariffet,

96 1225 165 1284 alter
185 1227 350 1286 vacuitatem
370 1226 495 1292 doloris;
522 1237 618 1283 neuter
638 1225 781 1284 honestate
802 1242 893 1285 carere
914 1245 968 1302 po·

97 1303 166 1370 tuit,
186 1320 248 1378 quae
263 1303 300 1360 est
312 1302 328 1361 a
342 1302 437 1361 nostris
450 1301 557 1360 laudata
572 1300 703 1359 maxime.

136 1381 299 1453 Quinetiam
325 1377 373 1453 ipst
394 1378 539 1453 voluptarii
560 1377 719 1436 diverticula
741 1379 911 1455 hquaerant‚
938 1382 1015 1449 &74

97 1454 210 1514 virtutes
231 1453 362 1513 ihabeant
385 1455 414 1513 in
442 1472 490 1513 ore
520 1466 595 1512 totos
622 1453 704 1522 dies,
739 1453 993 1532 voluptatemqueh
1009 1463 1113 1518 summ

97 1530 189 1605 primo
205 1531 334 1590 duntaxat
348 1533 439 1607 expeti
452 1531 582 1590 ¹¹dicant:
602 1529 702 1589 deinde
718 1531 748 1585 ⁶7
758 1534 966 1603 consuetudine,
975 1519 1053 1591 Q·

97 1605 173 1681 quast
193 1608 305 1667 alteram
325 1621 450 1666 naturam
467 1608 475 1674 ',
495 1606 590 1676 effici,
610 1606 664 1682 qus
684 1608 792 1684 impulsi
819 1611 906 1667 multa
927 1578 1086 1689 sa-Jplssssbem

99 1685 196 1753 ciunt,
210 1686 312 1744 nullam
327 1695 481 1760 quaerentes
494 1682 676 1758 voluptatem.
696 1684 783 1743 Stoici
797 1685 902 1745 restant.
938 1687 991 1753 hit
1006 1679 1089 1755 arium

96 1758 211 1836 quidem
225 1780 284 1821 non
298 1778 382 1819 unam
406 1760 524 1835 aliquam
561 1771 608 1818 aut
619 1759 776 1818 ¹alterama
798 1762 900 1831 nobis,
920 1762 1042 1823 sedum.

95 1848 185 1895 totam
199 1837 233 1895 ad
249 1837 275 1896 se
287 1837 407 1897 nostram
424 1835 623 1911 philosophiam
635 1837 837 1896 transtulerunt.
862 1849 889 1896 at
910 1831 983 1910 ue,l
999 1833 1042 1906 ⁸¹?
1053 1829 1107 1883 (ω’

95 1925 127 1971 ut
140 1913 237 1987 reliqui
251 1916 340 1981 sures,
359 1912 491 1971 ⁶⁸eatum
506 1929 616 1981 rerum,
635 1928 701 1987 quas
714 1925 862 1989 ceperunt,
889 1856 1073 2006 {graffum

95 2001 273 2048 commutant
287 2010 303 2077 ².
316 1989 352 2048 fic
365 1990 420 2058 illi,
440 2000 471 2048 ut
483 1986 623 2048 sententiis
643 1988 738 2048 nostris
759 2008 810 2064 pro
830 1989 881 2048 suis
903 2003 964 2049 ute·
1000 1974 1040 2071 ’ζ’
1055 2022 1084 2077 3·

94 2079 206 2136 rentur,
225 2083 357 2133 nomina,
376 2079 519 2141 tamquam
531 2082 633 2123 rerum
653 2076 758 2134 notas,
778 2078 964 2125 mutaverunt.

94 2140 136 2200 lta
151 2143 309 2217 relinquitur
323 2142 377 2201 sola
400 2143 462 2200 haec
485 2122 622 2216 disciplina
643 2139 724 2216 digna
744 2141 865 2201 studiosis
886 2144 965 2218 inge-

93 2236 211 2277 nuarum
226 2221 343 2288 artium,
362 2219 444 2295 digna
458 2217 585 2289 eruditis,
605 2216 687 2292 digna
701 2218 777 2278 claris
791 2219 871 2290 viris,
881 2219 965 2296 digna

95 2296 278 2371 principibus,
300 2297 381 2372 digna
396 2296 510 2371 regibus.
678 2324 681 2329 ·

131 2374 207 2449 Quae
220 2372 284 2432 chin
310 2370 416 2432 dixisset
440 2372 618 2449 paullumque
631 2368 762 2432 institisset
778 2414 788 2441 ,
807 2371 887 2448 Quid
907 2372 963 2461 est,
976 2384 1009 2443 75

922 2467 967 2509 rn-

92 2587 216 2661 mutatio,
231 2591 257 2638 δι
269 2588 396 2652 punslum,
406 2590 463 2639 loco
475 2601 589 2645 motum,
605 2602 698 2654 quanto
710 2588 850 2639 sententiam
861 2587 968 2664 effecerit

92 2652 968 2777 {lltlexllshhl‘hsql:alstaltfilltillhhlll

93 2780 168 2822 omnia
180 2779 225 2827 &a
241 2778 399 2839 amplrfiuntss.
417 2782 485 2827 aratio
497 2781 587 2841 deniqne
597 2780 643 2831 &a
660 2783 683 2829 Ρ.
703 2782 795 2827 Manut.
818 2782 867 2825 Hac
882 2778 910 2839 est
925 2794 967 2823 non

91 2841 222 2951 οωηὲζὲὰι.
254 2841 405 2902 amplificantis
420 2845 487 2890 oratio
503 2844 612 2906 denique:
627 2846 668 2890 bac
681 2842 764 2903 rssdc.
785 2852 884 2903 uterque
894 2841 967 2887 nimia

92 2915 136 2950 coa
179 2938 185 2951 .
218 2906 306 2951 Gruter.

126 2973 164 3021 67.
183 2968 331 3027 sonfustudint
342 2966 403 3031 quast
410 2967 501 3013 alteram
510 2967 567 3026 dan]
600 2964 735 3019 Sitvistot.
749 2967 775 3015 &
792 2966 858 3014 Paul.
869 2967 969 3015 Manna.

91 3026 152 3076 item
160 3029 233 3077 Aldus
239 3028 301 3077 silius
308 3043 338 3077 ex
350 3025 401 3077 mss.
408 3028 601 3091 quibus&nollri
608 3030 700 3091 aliquot
707 3026 827 3078 accedunt.
838 3025 971 3077 sedtamen

93 3104 145 3137 noo
156 3090 263 3155 asperner
273 3091 339 3156 quod
356 3090 388 3139 est
404 3092 429 3139 in
445 3092 530 3142 iisdem
547 3093 603 3142 l’all.
615 3090 771 3149 melioribus,
787 3091 968 3153 consuetudinem,

92 3150 162 3215 quod
172 3156 196 3203 dt
209 3156 233 3203 in
244 3155 332 3204 vetuste
344 3152 410 3204 cutis
426 3157 494 3201 Idem.

128 3222 164 3263 68.
183 3221 263 3265 Earum
274 3234 418 3281 rerumquae
429 3223 543 3279 ceperunt]
558 3220 646 3267 Mutet.
658 3216 691 3266 ait
701 3213 741 3267 lib.
754 3230 790 3267 tx.
807 3230 858 3280 cap.
866 3231 902 3271 ις.
920 3220 969 3264 Va·

94 3277 149 3326 riar.
163 3280 226 3329 Lest.
239 3281 327 3333 exstare
342 3282 366 3330 in
377 3281 482 3331 lihvett.
495 3281 614 3343 nupserunt.
633 3279 683 3329 fieri
693 3278 776 3344 potest.
793 3278 831 3330 sed
842 3280 898 3329 ciam
910 3279 966 3329 sall.

91 3338 169 3389 nostri
181 3342 512 3410 nonditertetentlvulgato‚
529 3344 590 3392 nihil
602 3342 667 3391 ausus
680 3344 714 3393 sui
724 3356 822 3393 mutare.
840 3345 890 3416 plus
901 3344 968 3391 enim

92 3402 168 3452 semel
179 3418 285 3468 expertus
302 3408 352 3457 sum
367 3409 392 3457 in
404 3414 491 3457 seneca
507 3406 655 3471 Philosopho
682 3410 770 3463 Mutet.
781 3402 884 3457 habuisse
893 3404 969 3457 libros

91 3464 122 3516 ad
133 3468 276 3532 patientiam
284 3484 357 3537 utque
368 3472 478 3523 ultimam
491 3470 654 3534 obsequenter.
684 3474 753 3526 lm.

469 3540 537 3584 «saa
552 3550 607 3584 aaa
622 3550 656 3583 n
838 3540 876 3586 69·
892 3532 969 3599 ΨΒ
