2318 3914
146 188 150 195 ,
212 134 295 202 2544
401 115 464 181 Dra
487 115 574 181 Fru.
595 113 694 181 Bou.
716 130 767 180 er
788 112 909 181 Man.

211 226 322 305 inquit?
340 226 436 287 satisne
449 226 528 285 vobis
542 226 640 286 videor
652 245 705 303 pro
719 245 786 287 meo
797 226 861 302 jure
876 229 907 287 in
928 224 1028 289 vestris
1050 231 1099 289 aui

61 326 88 363 m
103 323 170 362 eorn-
211 306 283 365 ribus
299 302 555 390 mcommentatus?
575 303 612 361 Et
625 322 698 391 ego,
715 303 768 391 JI'u
783 303 851 361 verb
866 306 1040 393 nmquam,
1056 307 1100 367 Pi·

61 388 191 501 atto
213 378 762 532 tt,attentabantretr
774 377 1100 535 iterarent

213 534 373 612 plicandum
388 546 523 608 putarem.
561 533 639 609 quod
653 533 769 609 quidem
791 551 828 592 eo
850 535 970 609 probaui
993 537 1100 613 magis,

215 614 280 688 quia
296 611 430 679 memini,
450 609 569 669 Staseam
585 610 829 685 Neapolitanum,
848 611 1002 671 doctorem
1020 612 1099 672 illum

215 702 316 756 tuum,
335 687 459 745 nobilem
474 685 537 746 sane
552 687 783 761 Peripateticum,
803 687 945 762 aliquanto
960 689 1011 749 ista
1023 688 1099 767 secus

216 766 308 824 dicere
321 763 449 831 solitum,
468 761 659 823 atientientem
672 764 704 822 iis
719 807 728 832 ,
748 765 796 840 qui
811 764 932 825 multum
954 766 986 825 in
1010 766 1099 826 fortu-

216 860 254 903 na
274 841 390 899 secunda
419 853 467 898 aut
479 840 616 910 adversa,
637 840 757 900 multum
786 842 817 899 in
842 841 923 903 bonis
950 854 1002 902 aut
1023 843 1099 903 malis

217 918 342 993 corporis
363 928 510 993 ponerent.
547 917 594 975 Est
611 929 642 976 ut
664 917 749 985 dicis,
768 918 881 995 inquit:
908 917 958 978 sed
980 920 1048 979 haec
1067 920 1099 979 ab

218 994 381 1063 Antiocho,
401 993 495 1053 nostro
509 994 653 1060 familiari,
674 994 802 1053 dicuntur
823 992 915 1053 multd
941 996 1047 1057 melids
1071 997 1099 1057 dt

219 1070 316 1130 fortibs
342 1070 372 1125 ⁶9
380 1070 466 1147 quim
491 1068 613 1129 astasea
634 1069 803 1130 dicebantur.
845 1089 931 1148 quam
954 1090 1025 1133 uarn
1047 1089 1096 1149 ego

218 1166 279 1207 non
295 1166 410 1223 quaero,
436 1147 503 1225 quid
518 1147 566 1206 tibi
582 1146 598 1205 a
615 1164 662 1205 me
675 1149 821 1222 probatum
835 1146 885 1217 fit,
903 1090 953 1209 seg
967 1150 1038 1211 huic
1052 1150 1096 1209 Ci-

220 1227 315 1284 ceroni
330 1225 442 1293 nostro,
461 1241 550 1299 quem
566 1223 726 1299 discipulum
741 1225 826 1299 cupio
841 1224 857 1282 b
871 1236 901 1283 te
914 1226 1069 1286 abducere.

173 1311 210 1382 76
257 1301 363 1359 XXVI.
383 1302 470 1360 Tora
493 1301 664 1367 Locrus,
683 1300 757 1359 Mihi
778 1298 847 1359 verb
866 1301 915 1361 illa
937 1304 1023 1363 valde
1036 1321 1097 1379 pro·

220 1378 282 1437 bata
295 1378 371 1436 sunt:
393 1378 470 1465 quod
484 1379 553 1435 item
568 1377 643 1435 fratri
651 1374 729 1451 puto.
749 1376 829 1435 Tum
845 1378 916 1437 mibi
929 1379 994 1439 Piso
1004 1380 1097 1456 ,Quid

222 1453 311 1529 ergo?
330 1456 436 1530 inquit,
456 1454 539 1512 dasne
553 1452 720 1511 adolescenti
734 1453 868 1513 veniam?
887 1473 924 1514 an
940 1457 1100 1517 eumdisce·

222 1549 253 1589 re
268 1549 299 1590 ea
314 1534 417 1599 mavis,
437 1547 501 1606 quae
516 1527 582 1587 clun
604 1527 733 1604 praeclare
755 1529 902 1601 didicerit,
923 1534 996 1592 nihil
1016 1530 1097 1593 sciat?

71 1626 89 1662 ι
102 1606 192 1662 illaria·
222 1608 285 1684 Ego
300 1606 462 1676 vetorini,
482 1608 615 1682 inquam,
629 1607 769 1682 permitto.
789 1605 835 1666 sed
854 1627 954 1669 nonne
968 1611 1098 1669 memini·

71 1676 201 1727 maatcnr.
221 1684 270 1754 sti,
290 1685 360 1742 milri
372 1684 455 1742 licere
468 1683 584 1758 probare
597 1682 661 1752 iila,
680 1683 820 1758 quaesunt
834 1682 850 1743 a
868 1696 896 1743 te
918 1686 1025 1747 dida?
1044 1688 1097 1763 qu'u

223 1763 300 1819 enim
314 1761 402 1837 potest
416 1779 466 1827 ea,
486 1777 551 1836 quae
566 1759 714 1835 probabilia
729 1760 873 1820 videantur
887 1763 914 1821 ei
931 1806 941 1833 ,
960 1782 1024 1825 non
1037 1782 1097 1841 pro·

223 1836 308 1897 bare?
327 1838 375 1897 An
390 1836 476 1906 vero,
496 1838 603 1912 inquit,
622 1838 766 1912 quisquam
782 1838 871 1913 potest
877 1838 1099 1919 probare,quod

242 1928 403 1991 erceptum,
423 1914 501 1994 quod
514 1913 765 1989 comprehensum,
783 1914 861 1991 quod
875 1919 1029 1992 cognitum
1043 1934 1100 1978 non

221 1932 331 2052 gaber?
358 1994 426 2052 Non
447 1992 485 2051 est
498 1990 569 2061 illa,
586 1992 701 2068 inquam
718 2033 727 2060 ‚
746 1991 824 2060 Piso,
845 2008 947 2067 magna
962 1992 1100 2054 diffenfio.

223 2069 290 2128 nihil
305 2070 344 2129 est
357 2071 434 2128 enim
447 2067 537 2137 aliud,
557 2069 741 2145 quamobrem
756 2068 824 2126 nihil
838 2071 943 2146 percipi
961 2070 1103 2148 mihipoi·

72 2146 250 2216 herbilise
271 2147 420 2215 videatur,
447 2144 497 2203 niil
518 2143 597 2220 quod
617 2144 786 2220 percipiendi
807 2146 849 2203 vis
870 2146 907 2204 ita
938 2146 1102 2211 definiturl

223 2223 339 2291 Stoicis,
358 2234 390 2280 ut
401 2233 505 2296 negent
518 2221 671 2297 quidquam
685 2217 760 2294 polle
774 2223 894 2297 percipi,
914 2224 966 2282 nist
982 2227 1041 2286 tale
1055 2243 1104 2285 vc·

222 2316 303 2368 rum,
322 2297 403 2374 quale
417 2297 512 2355 falsum
527 2294 580 2354 effe
595 2316 653 2356 non
668 2297 755 2371 poffit.
792 2300 885 2375 itaque
899 2300 963 2359 haec
987 2320 1058 2363 cum
1072 2302 1103 2362 il·

175 2412 178 2417 ·
220 2374 253 2435 lis
267 2374 306 2432 est
318 2372 461 2443 diffensro,
480 2388 545 2431 cum
560 2374 745 2450 Peripateticis
765 2376 838 2434 nulla
857 2374 930 2436 sand.
968 2378 1022 2441 sed
1041 2382 1103 2441 haec

222 2451 403 2518 omittamus;
423 2449 525 2509 habent
538 2450 615 2509 enim
628 2452 658 2510 ὅ(
674 2450 747 2509 bene
766 2452 880 2529 longam
914 2455 946 2513 &
966 2455 1033 2518 satis
1051 2458 1104 2517 liti·

223 2527 329 2605 giosam
345 2527 567 2602 disputationem.

177 2623 211 2683 77
262 2603 333 2663 illud
354 2604 423 2662 mihi
444 2602 460 2662 a
481 2614 510 2662 te
532 2603 650 2664 nimibm
672 2607 829 2667 festinanter
850 2605 956 2665 dicium
973 2610 1106 2683 videtur,

223 2678 357 2757 sapientes
373 2698 471 2741 omnes
485 2678 538 2739 effe
553 2680 660 2759 semper
672 2683 776 2745 beatos.
815 2683 907 2742 nescio
925 2702 988 2760 quo
1011 2688 1103 2749 modo

223 2754 430 2835 praetervolavit
443 2758 543 2817 oratio.
563 2759 640 2835 quod
654 2760 703 2819 nifi
717 2762 754 2820 ita
768 2761 899 2820 efficitur:
916 2778 984 2836 quae
999 2764 1103 2825 Theo·

223 2835 344 2912 phrastus
366 2834 401 2894 de
421 2836 559 2906 fortuna,
577 2836 612 2894 de
633 2835 754 2907 dolore,
775 2838 810 2897 de
830 2836 953 2896 cruciatu
978 2844 1106 2917 corporir
1136 2880 1138 2893 .

224 2914 310 2983 dixit,
330 2929 396 2970 curn
410 2912 508 2991 quibus
522 2912 654 2989 conjungi
673 2913 782 2974 beatam
803 2915 889 2973 vitam
910 2914 991 2973 nullo
1014 2918 1105 2979 modo
1136 2907 1138 2994 l

225 2988 302 3066 polle
316 2990 439 3065 putavit,
457 3006 558 3048 vereor
570 3007 606 3048 ne
622 3007 686 3049 vera
700 2988 760 3051 fint.
787 3008 853 3050 nam
866 2989 933 3049 illud
946 2992 1108 3055 vehemen-

225 3072 267 3123 ter
280 3078 431 3141 repugnat,
450 3064 572 3125 eundem
586 3066 740 3126 &beatum
767 3064 820 3127 effe
855 3068 885 3125 δι
907 3066 1005 3129 multis
1028 3072 1108 3131 malit

226 3140 392 3218 opprelium.
428 3144 492 3202 haec
505 3160 565 3221 quo
578 3142 668 3203 modo
688 3145 858 3204 conveniant
879 3161 939 3204 non
969 3145 1037 3207 sane
1064 3150 1106 3209 in·

1060 3226 1109 3285 tel·

260 3404 298 3451 ar.
311 3402 389 3459 Quam
403 3401 418 3449 ἃ
433 3404 509 3467 stupa
520 3406 663 3467 dadam]
690 3410 721 3461 Et
732 3404 781 3461 hat
792 3409 875 3463 omnia
886 3408 963 3463 rideri
972 3422 1065 3476 queant
1076 3410 1106 3460 rb

226 3460 359 3529 interpretis
368 3465 509 3532 adjtstiorrr.
541 3473 632 3527 Gruter.

999 3546 1043 3595 7ο.
1064 3538 1107 3587 Di·
