2318 3914
252 30 333 98 2502
439 18 503 85 De
524 18 613 85 Fru.
636 19 737 89 Bou.
756 42 809 91 ιτ
831 24 952 93 Man.

250 124 282 187 ἃ
310 146 368 205 prae
389 130 470 191 redis
488 134 664 213 honestisque
698 136 942 197 contemnendum
978 152 1016 197 ac
1053 134 1135 217 despi-

251 205 409 278 ciendum,
436 227 489 269 nec
512 226 684 289 magnopere
705 213 920 289 expetendum:
951 214 1132 293 omninoque

99 289 109 335 r
130 288 243 339 mutuaris
253 283 289 349 de
306 285 435 345 omnibus
448 284 501 345 istis
524 288 612 347 uerbis
632 288 783 348 chnonc
805 288 932 347 ¹mutatis
954 291 994 349 ita
1017 288 1133 370 disputa·

99 352 159 402 ⁸⁶⁴¹·
253 358 317 429 bat,
337 372 365 414 75
375 363 405 420 ὃ(
420 380 484 439 quae
498 363 571 422 bona
585 376 749 439 negarentur
764 361 816 423 effe
826 366 859 423 ab
874 382 931 432 cu,
953 368 985 425 δι
999 382 1071 443 quae
1079 385 1132 427 ma·

250 436 294 505 la,
313 436 356 495 illa
378 439 527 499 laetioribus
548 441 706 501 nominibus
727 442 761 499 ab
782 439 972 517 coappellari
1006 442 1129 521 qudmi

223 514 227 523 '
254 513 350 581 nobis,
369 516 432 573 haec
446 515 610 575 tristioribus.

207 625 243 681 74
292 590 411 648 XXVII.
431 592 523 650 Piso
544 609 694 651 norrun
714 592 900 662 hocmodo,
940 595 986 654 vir
1010 597 1130 673 optimus

253 668 365 741 tuique,
384 679 414 726 ut
427 667 492 737 scis,
512 669 717 731 amantissimus.
749 687 801 729 nos
816 670 908 745 paucis
921 670 959 729 ad
974 671 1044 731 haec
1059 674 1129 734 addi·
1158 688 1159 730 r

250 742 285 801 tis
312 744 409 801 Finem
436 745 568 803 faciamus
597 747 752 822 aliquando.
790 747 908 821 longum
928 746 970 805 est
995 750 1128 820 enimad
1158 749 1159 806 1

156 850 159 857 ,
252 821 349 877 omnia
362 818 524 896 respondere
540 864 548 889 ‚
568 838 633 896 quae
647 822 663 880 a
678 820 793 881 reuicta
806 821 875 883 sunt.
893 838 963 881 nam
978 840 1017 882 ex
1033 826 1125 886 iisdem

252 895 400 954 verborum
421 896 559 971 praeiiigiis
574 900 604 955 bt
617 916 698 973 regna
716 910 779 956 nata
793 899 871 957 vobis
885 896 949 959 sunt
963 941 973 970 ‚
994 900 1028 959 &
1042 902 1125 977 impc-

96 972 308 1041 1’.cxx111.ria,
329 974 359 1029 &
371 973 492 1043 divitiae,
513 976 542 1031 δε
556 986 641 1032 tantae
656 973 788 1050 quidem,
806 986 838 1032 ut
852 974 970 1044 omnia,
990 994 1060 1053 quae
1073 978 1124 1037 ubi·

92 1114 95 1123 Ι
253 1065 308 1123 que
323 1047 391 1118 fior,
410 1048 533 1124 sapientis
548 1046 601 1107 effe
616 1051 718 1109 dicatis.
756 1048 845 1108 solum
859 1062 999 1124 praeterca
1021 1055 1123 1114 formo·

11 1126 15 1134 '
98 1153 126 1187 m
146 1125 326 1193 sturtonsum,
346 1125 435 1184 solum
448 1125 582 1195 liberum,
601 1126 690 1185 solum
710 1126 801 1185 civem
810 1146 823 1184 ι-
838 1125 1019 1187 astutorum
1034 1132 1124 1191 omnia

94 1202 211 1257 nonestis
252 1204 404 1272 contraria,
425 1220 495 1277 quos
508 1204 591 1260 etiam
611 1202 719 1263 insanos
742 1200 796 1261 effe
810 1202 899 1261 vultis.
938 1204 1018 1263 Haec
1040 1209 1123 1277 aare·

95 1264 144 1310 ‘M
155 1276 223 1341 pas...
251 1276 318 1347 δοξω
331 1279 385 1346 illi,
404 1296 456 1337 nos
471 1277 635 1339 admirabilia
649 1279 780 1338 dicamus.
819 1276 898 1355 Quid
911 1291 1011 1339 autem
1025 1282 1124 1355 habent

97 1322 229 1376 ΜΝ·
250 1353 456 1424 admirationis,
476 1354 539 1413 cirm
555 1354 640 1431 prope
663 1352 828 1415 accesseris?
847 1356 995 1416 conferam
1010 1368 1120 1429 tecum.

271 1449 334 1490 uam
349 1434 449 1508 cuique
464 1432 550 1489 verbo
566 1437 626 1489 nnn
640 1432 777 1506 subjiciasa
797 1431 871 1489 nulla
885 1432 938 1489 crit
960 1446 1120 1493 controuer-

249 1449 294 1566 ga.
332 1509 427 1567 omnia
442 1520 555 1583 peccata
568 1508 642 1583 paria
657 1508 752 1565 dicitis.
789 1524 848 1566 non
871 1523 927 1582 ego
947 1518 1045 1568 tecum
1061 1512 1117 1587 jam

95 1610 113 1641 n
128 1592 224 1652 jocabar
247 1584 287 1641 ita
300 1583 435 1660 nloquar,
455 1595 486 1641 ut
500 1582 598 1641 iisdem
611 1584 652 1641 his
667 1582 811 1653 derebus,
832 1582 897 1641 cirm
912 1584 951 1641 L.
962 1586 1118 1657 Murenam.

95 1660 148 1707 arii.
247 1671 276 1717 tc
298 1660 466 1727 accusante,
494 1658 682 1717 defenderem.
720 1658 792 1734 apud
820 1661 967 1735 imperitos
992 1672 1052 1719 tum
1074 1663 1118 1737 illa

248 1734 320 1793 dieta
333 1736 409 1795 iimt:
430 1735 532 1811 aliquid
553 1736 636 1793 ctiam
658 1751 771 1794 coronae
792 1734 886 1795 datum
911 1756 918 1794 :
947 1754 1020 1797 nunc
1033 1754 1116 1815 agen·

247 1810 316 1869 dum
330 1813 367 1869 est
381 1812 507 1871 subtilius.

203 1914 236 1972 75
284 1888 400 1947 Peccata
422 1891 496 1963 paria
524 1905 648 1963 quonam
677 1886 793 1947 modo?
826 1890 891 1964 quia
917 1906 974 1949 nec
1000 1890 1116 1951 honesto

245 1964 397 2040 quidquam
420 1963 581 2032 honestius,
601 1981 653 2022 nec
675 1966 747 2037 turpi
767 1967 879 2038 turpius.
917 1966 1007 2041 Perge
1029 1984 1118 2043 porro.

246 2058 312 2097 nam
328 2041 362 2099 de
378 2040 427 2099 isto
443 2058 542 2114 magna
557 2036 681 2098 diffcnsro
697 2041 743 2097 cst.
781 2040 824 2097 illa
838 2056 1003 2115 argumenta
1013 2044 1118 2119 propria

247 2117 407 2184 videamus,
428 2134 476 2173 cur
491 2117 585 2174 ornnia
600 2130 711 2190 peccata
726 2116 776 2173 smt
798 2116 879 2190 paria.
918 2118 985 2185 Ut,
1013 2121 1117 2195 inquit,

92 2217 110 2252 o
134 2200 238 2266 pluribus
246 2190 276 2248 in
291 2191 387 2250 fidibus
402 2192 562 2265 ⁰plurimis,
583 2190 603 2248 sn
620 2191 691 2251 nulia
706 2210 799 2253 carum
816 2192 853 2249 ita
873 2204 1033 2252 Pcontenta
1047 2208 1119 2255 snu-

89 2269 147 2315 MS.
247 2269 329 2325 meris
343 2267 391 2337 srt,
411 2279 441 2324 ut
456 2281 625 2326 concentum
640 2268 744 2324 servare
760 2267 855 2343 poffit,
875 2270 1118 2347 omncsaequein·

89 2338 236 2392 Ρωῑῑῗωῑ3
246 2356 387 2401 contentae
409 2343 482 2401 smt:
510 2342 546 2400 src
572 2357 708 2418 peccata,
741 2344 805 2417 quia
827 2342 1002 2417 discrepant,
1040 2347 1119 2423 aeque

89 2389 177 2499 {ijffnsst
244 2418 416 2494 discrepant:
444 2419 516 2495 paria
536 2418 596 2477 sunt
622 2420 710 2493 igitur.
750 2418 809 2476 Hic
828 2419 961 2495 ambiguo
989 2422 1120 2482 ludimur.

90 2487 203 2577 qneivis
245 2494 326 2571 aequi¹
341 2497 416 2554 enim
439 2496 574 2569 contingit
596 2497 724 2554 omuibus
752 2494 871 2563 fidibus,
892 2508 921 2553 ut
944 2498 1120 2559 incontentae

89 2580 145 2626 MS.
246 2571 313 2630 sint:
334 2572 398 2630 iliud
414 2590 472 2630 non
488 2570 641 2641 continuo,
661 2586 691 2629 ut
706 2568 787 2647 aequd
801 2572 983 2639 incontentae.
1005 2576 1119 2635 collatio

89 2676 104 2709 1
119 2659 214 2717 adjuvat
244 2648 327 2721 igitur
340 2649 386 2706 ista
402 2660 429 2705 te
445 2648 511 2706 nilril
526 2649 627 2721 rjuvat.
661 2666 714 2706 nec
736 2650 810 2705 enim
833 2664 932 2705 omnes
950 2652 1080 2709 avaritias
1100 2652 1120 2710 fi

91 2725 168 2774 Lami·
246 2743 270 2780 ae
292 2723 327 2781 ud
341 2725 462 2782 avaritias
477 2722 530 2781 effe
546 2724 710 2792 dixerimus,
729 2723 848 2799 sequitur
867 2724 950 2781 ctiam
973 2739 1006 2801 ut
1027 2746 1121 2805 aequas

245 2742 299 2859 elie
314 2801 444 2859 dicarmrs.

195 2885 232 2957 76
282 2878 356 2936 Ecce
373 2877 445 2936 aiiud
460 2874 544 2934 simile
566 2875 696 2933 diffrmiic.
735 2876 778 2932 Ut
798 2875 900 2947 enim,
927 2874 1049 2951 inquit,
1067 2897 1120 2954 gu-

242 2953 370 3011 bernator
386 2951 465 3026 aequd
481 2964 594 3026 peccat,
614 2950 634 3009 st
649 2952 786 3026 palearum
803 2969 904 3008 navem
920 2954 1039 3021 evertit,
1060 2954 1120 3014 &fi

241 3031 315 3087 auri:
336 3032 403 3087 item
420 3027 499 3104 aeque
515 3040 631 3102 peccat,
650 3030 698 3103 qui
715 3040 877 3103 patentem,
897 3029 926 3086 bc
940 3027 988 3103 qui
1004 3029 1118 3117 servum

1073 3125 1121 3167 m·

274 3300 311 3343 75.
331 3292 360 3334 Et
370 3302 414 3350 qut
425 3287 476 3332 bons
491 3299 614 3346 negarentur
625 3286 662 3345 ‘ff‘
672 3286 698 3330 ab
714 3293 755 3344 eu]
784 3293 818 3331 'Ut
833 3303 877 3352 qua
892 3289 945 3338 bona
956 3322 965 3349 ‚
980 3288 1027 3342 ότ.
1044 3292 1117 3337 Vetus

240 3348 312 3408 liber,
329 3349 616 3414 &iruplanelegeudum
629 3350 727 3403 ridetur.
759 3351 835 3412 vrfin,
1001 3418 1041 3474 ⁷6·
1059 3418 1115 3465 Ha
