2318 3914
94 40 106 69 N

189 92 382 159 L'runu
438 97 745 180 Quantus.
803 66 922 179 '⁵2779

48 200 125 267 olitis.
162 222 199 263 ex
222 202 471 280 quibus·quoniam
499 216 643 283 tamquam
663 205 716 263 4⁶d
738 203 937 282 ²scrupulosrsz
950 207 1063 276 sempofi.

48 283 155 343 roribus
169 279 343 356 aenavigavit
358 282 447 340 oratio
458 282 588 357 ,reliquae
604 280 787 356 disputationis
802 284 909 343 cursum
920 274 996 323 “³¹³⁶-

48 368 208 418 teneamut:
227 355 316 416 modo
329 356 389 416 satis
403 356 448 416 illa
461 357 579 416 dilucide
593 356 740 415 dixerimus
754 375 804 432 pro
818 377 910 449 rerum
920 338 1064 465 ξ’ζζζῐῃῑμ,

48 434 219 494 obscuritate.
263 432 302 492 A.
322 432 431 492 Prorsus
451 431 553 492 bsatis:
579 433 626 491 sed
643 431 664 490 st
684 451 739 508 qua
760 432 911 509 diligentius
923 461 956 508 ,p
967 464 1035 514 Idm.

48 522 130 569 erunt
144 507 353 585 cognoscenda,
372 525 529 585 quaeremus
542 508 629 568 alias:
656 526 732 569 nuuc
744 511 804 568 vela
820 551 829 580 ,
848 520 939 587 quaeb
954 522 1008 573 sat„

48 584 137 647 modb
152 585 277 653 dicebas,
297 584 484 660 exspectamus
511 588 541 644 ἂ
563 583 680 644 cursum.
898 585 1068 646 'demanium

81 662 149 720 XV.
168 671 197 716 47
205 662 251 720 M.
270 663 439 734 Quartoo
462 663 491 719 δε
506 662 563 721 aliis
574 663 642 721 locis
654 661 709 720 cue
730 662 832 723 virtute
845 663 913 723 diri·
924 650 950 698 (⁷
961 652 994 698 ed.
1005 666 1050 700 W·

48 756 128 809 ntus,
150 738 181 797 &
193 737 266 811 saepe
279 737 429 796 dicendum
444 738 494 796 erit
520 739 671 814 (pleraeque
691 740 767 799 enim
788 740 915 816 quaestio·
927 727 982 836 24&
997 785 1013 834 d

48 832 115 885 nee,
135 831 200 890 quae
228 813 263 871 ad
282 810 389 872 dvitam
421 831 569 890 moresque
589 814 750 890 pertinent,
776 815 792 874 a
815 819 918 875 virtutis
928 854 978 897 MS,
991 799 1029 912 Rs

48 894 130 951 sonte
144 889 293 963 ducuntur)
313 889 426 966 quando
439 891 522 965 igitur
535 892 617 949 virtus
644 890 682 948 est
695 890 806 951 affesiio
829 896 938 959 animid
952 927 1032 961 mom

48 967 178 1027 constans
204 967 453 1041 conveniensque,
486 966 632 1025 laudabiles
652 967 773 1027 efficiens
795 987 866 1037 eos,
886 972 1049 1040 invitamque

48 1044 150 1121 quibus
164 1041 218 1110 est,
238 1045 268 1101 &
282 1042 336 1116 ipsa
348 1059 397 1118 per
409 1043 436 1100 se
452 1083 460 1110 ,
480 1042 525 1101 sua
545 1043 642 1117 sponte
658 1085 666 1111 ,
692 1044 810 1120 separata
832 1048 916 1105 etiam
928 1040 980 1088 MS.

48 1119 192 1187 utilitate,
210 1117 369 1178 laudabilis:
397 1136 431 1177 ex
454 1135 486 1176 ea
506 1118 710 1194 proficiscuntur
729 1121 852 1180 honestae
866 1140 919 1181 vo·

48 1196 194 1263 luntates,
221 1195 363 1253 sententiae
388 1192 510 1254 adiuuet
556 1198 703 1273 omnisque
729 1197 801 1256 resia
824 1199 917 1258 ratio:

48 1284 223 1409 guamquam
238 1270 293 1346 ipsa
306 1272 389 1329 virttis
402 1269 555 1329 breviffrmb
569 1272 643 1330 reda
662 1274 731 1331 ratio
754 1273 808 1333 dici
822 1275 920 1350 potest.

73 1349 136 1424 ujus
156 1348 238 1421 igitur
264 1348 369 1405 virtutis
389 1348 524 1406 contraria
545 1347 582 1407 est
603 1347 740 1407 vitiositas.
778 1349 814 1407 lic
841 1353 918 1410 enim

49 1424 134 1483 malo
160 1421 283 1499 isquam
307 1422 438 1481 malitiam
453 1423 586 1499 appellate
599 1435 701 1493 eeam,
720 1440 806 1502 quam
825 1428 941 1487 Graecie
956 1449 1009 1486 eam

54 1502 156 1558 neuter
169 1499 312 1575 appellant.
344 1517 410 1558 uam
424 1501 526 1559 malitia
552 1501 620 1559 certi
633 1501 773 1575 cujusdam
788 1504 847 1562 vitii
864 1523 915 1562 no·
928 1502 991 1548 Geli·
1003 1499 1067 1550 delet·

54 1592 125 1636 nren
139 1575 192 1636 est:
231 1573 360 1637 vitiositas
386 1578 525 1638 omnium.
563 1587 635 1636 saer
656 1595 711 1656 qua
730 1575 942 1638 fconcitanrurf
953 1574 1058 1624 ⁰¹i⁰¹²¹⁰1

860 1675 922 1733 per·
932 1639 999 1688 Beati,

90 1813 130 1863 46.
147 1811 166 1855 Ε
173 1808 298 1869 scrupulofis
315 1806 412 1865 cotibus]
441 1805 518 1857 stede
537 1819 647 1858 notarum
666 1808 706 1857 Fr,
724 1806 852 1864 Fabricio,
873 1824 924 1858 non

62 1867 146 1926 fuisse,
162 1885 203 1919 eur
212 1875 244 1919 D.
254 1868 383 1918 Lambinus
394 1883 516 1935 reponeret
528 1871 540 1917 e*
547 1873 647 1934 scruposa
657 1873 752 1927 corilus,
768 1869 883 1934 squidem
893 1874 924 1921 il·

57 1932 111 1980 lam
121 1946 206 1981 vocem
217 1933 322 1996 agnoscit
333 1931 418 1982 Festus.
450 1934 487 1981 sse
500 1933 573 1982 etiam
590 1934 698 1982 Pacuvius
713 1934 738 1981 in
754 1934 845 1995 Niptris
862 1936 923 1998 apud

58 1992 201 2044 Priscianum
210 1995 293 2045 lib.v1.
309 1995 356 2044 col.
368 2010 422 2053 7¹3·
444 1997 551 2043 Advenit
567 2000 591 2042 r'n
596 1997 739 2060 scrupusosstm
744 1995 836 2058 specum.
856 1998 924 2045 ,ule-

58 2069 145 2121 ganter
155 2059 313 2108 Tertullianus
324 2056 354 2107 de
363 2059 436 2107 Cultu
446 2057 544 2109 soemin.
555 2056 634 2108 libai.
650 2073 700 2122 cap.
714 2073 751 2106 re.
769 2065 826 2106 Deus
837 2060 863 2110 dt
874 2064 925 2108 auri

59 2132 122 2167 tenta
131 2133 192 2183 opera
203 2123 304 2184 produxit
318 2122 474 2183 complectendis
484 2122 510 2173 da
521 2121 672 2183 distinguendis
687 2123 790 2183 lapillis:
801 2123 925 2183 scrupulosa

61 2187 124 2231 Deus
138 2186 226 2232 auribus
239 2187 332 2232 votnm
347 2187 429 2234 intulit.
461 2189 491 2234 lu
510 2182 642 2248 fignificatu
661 2183 828 2248 metaphorito
842 2184 927 2249 paffiru

64 2247 174 2296 occurrit.
207 2251 288 2296 Davi.

93 2324 133 2368 47.
148 2311 243 2376 Quando
252 2249 347 2363 &saltis
363 2311 414 2357 locis
428 2309 454 2357 de
468 2311 552 2357 uirtute
566 2311 683 2369 diximus]
711 2315 768 2372 Quat
790 2310 860 2373 paulo
876 2308 928 2373 post

61 2369 198 2434 subjungit,
221 2373 276 2423 cum
291 2375 342 2423 ait:
373 2375 469 2438 Quaado
486 2376 554 2435 agitur
568 2376 640 2421 vr'rtrts
652 2374 680 2429 asi
694 2373 775 2435 affectio
790 2375 860 2420 animi
873 2408 881 2429 ,
897 2389 927 2423 ea

64 2435 126 2483 milri
134 2435 293 2494 coniesiuram
304 2437 450 2491 attulerunt,
482 2449 555 2497 quam
566 2433 671 2485 studiofis
686 2439 774 2498 aperire
783 2450 858 2499 operat
875 2452 928 2497 pte·

64 2496 126 2546 tium
136 2497 199 2547 duxi.
216 2512 273 2563 puto
282 2500 353 2564 igitur
363 2497 492 2563 legendum
503 2495 546 2545 fic:
559 2499 667 2563 Quaado,
682 2513 707 2544 ut
721 2503 771 2546 aliis
782 2500 833 2546 locis
845 2510 870 2543 ue
879 2505 929 2546 uir·

61 2570 110 2609 tute
128 2562 233 2611 diximus.
265 2563 331 2624 quod
348 2564 415 2611 enim
436 2561 477 2610 hle
497 2562 609 2618 omittit,
624 2560 766 2626 persequitur
785 2562 814 2608 iis
835 2562 929 2620 verbis,

63 2624 149 2685 quando
162 2627 229 2685 agitur
240 2629 320 2674 virtus.
337 2625 363 2674 δι
374 2624 421 2674 hoc
429 2635 508 2672 totum
522 2638 577 2672 eum
587 2639 617 2673 eo
627 2625 791 2678 comeditur,
808 2628 870 2687 hujus
887 2629 931 2686 igi·

62 2688 214 2736 turbinatis.
234 2688 299 2750 quod
313 2699 339 2736 ut
354 2687 410 2737 effer
426 2687 544 2750 apertius,
572 2685 658 2751 duplici
672 2685 858 2743 interclufione,
880 2703 932 2750 que

64 2749 303 2808 cepirffirtsvocatur
314 2750 328 2800 a
339 2751 439 2806 Graecis,
456 2749 760 2799 seutentiamdistinximus,
777 2754 803 2797 P.
812 2753 898 2800 Manus.
926 2789 928 2794 .

98 2818 137 2870 48.
153 2813 228 2873 Qum
238 2816 367 2872 malitiam]
397 2813 483 2863 Κακίαν
493 2815 518 2861 dt
527 2816 611 2861 vitium
626 2814 652 2862 δι
669 2813 806 2870 vitiosttatem
820 2814 934 2877 interpre-

62 2885 142 2930 tatur,
161 2887 210 2921 non
220 2878 344 2932 malitiam,
359 2888 385 2925 ut
395 2875 478 2925 sonate
488 2879 595 2924 Gratum
608 2890 697 2923 nomen
708 2873 803 2923 videtur.
818 2891 931 2939 repugnat

66 2937 134 2985 enim
145 2936 196 2983 usus
207 2936 291 2998 lingua
303 2943 355 2987 Lat.
367 2941 392 2987 in
403 2953 451 3003 qua
460 2941 548 2985 malitia
561 2939 734 2987 fraudulentam
746 2936 851 2986 asturiam
861 2939 934 3003 ligni-

66 2997 132 3048 ficat.
147 3011 173 3046 ut
183 2998 266 3048 Plauto
277 3017 283 3047 ε
299 3002 382 3059 Versata
391 3006 469 3051 malm
486 3002 582 3064 &apud
593 3007 690 3051 Terent.
704 3006 833 3064 Exprompta
843 3008 932 3050 materia

67 3062 229 3126 atqueasturr'a.
247 3064 280 3110 ira
294 3064 360 3112 enim
375 3065 401 3113 in
415 3061 556 3128 quibusdam
576 3065 710 3127 exemplis,
737 3079 788 3112 non
803 3067 933 3126 memoria,

69 3122 189 3187 reperitur.
221 3125 417 3177 idemdiciturio
432 3143 477 3175 111.
490 3125 521 3173 de
532 3129 583 3177 Fin.
618 3135 722 3177 camerar.

100 3203 139 3241 49.
155 3193 192 3235 Ex
202 3203 246 3249 qua
256 3202 386 3237 concitantur
393 3192 577 3250 perturbationes]
592 3189 709 3239 Mendose
725 3189 773 3254 legi
787 3192 813 3240 in
827 3190 883 3242 libb.
895 3194 936 3254 qui

67 3249 143 3322 vulgo
157 3265 278 3309 veneunt,
297 3255 434 3308 cogitantur,
453 3264 511 3314 puto
530 3267 615 3301 omnes
629 3253 767 3314 intelligere,
800 3256 889 3305 correxi
904 3272 934 3306 ex

66 3323 167 3373 antiquo
177 3313 244 3364 libro.
259 3315 328 3378 Apud
339 3316 448 3364 Nonium
458 3315 591 3364 Fenestellae
603 3317 669 3364 lotus
679 3316 765 3365 eodem
781 3319 869 3366 mendo
880 3318 930 3367 soe·

65 3373 136 3423 datus
145 3389 201 3424 etat.
235 3391 302 3433 nam,
319 3381 430 3426 invidiam
439 3381 541 3441 cogitare,
556 3378 694 3442 legebatur,
710 3392 753 3441 pto
766 3384 876 3429 concitare.
906 3385 931 3431 P.

65 3442 162 3492 Manus.
194 3444 229 3491 Ex
239 3458 282 3507 qua
294 3447 423 3494 concitantur
436 3443 620 3506 perturbationes]
640 3442 726 3510 Vulgss.
751 3459 829 3508 exque
840 3446 931 3507 cogitan-

900 3517 938 3556 tur
