2318 3914
224 103 750 174 LtueuTrnrros.
849 123 928 195 2703

53 227 160 288 secetur
173 224 257 300 quid,
275 223 331 283 sive
346 221 476 283 avellatur
488 218 505 279 i
528 238 653 297 corpore.
692 236 758 279 nam
771 218 845 278 'illuc
859 216 928 281 nihil

55 305 152 363 dolere
171 319 230 361 non
243 300 301 359 fine
321 316 421 387 magna
446 297 575 357 mercede
591 298 750 372 contingit,
769 296 927 357 immanita-

55 381 93 440 tis
106 381 134 437 in
149 377 259 447 animo,
279 377 392 452 stuporis
407 376 574 449 incorpore.
624 415 627 421 .

97 455 151 513 Sed
166 454 306 513 videamus
322 494 332 521 ,
352 470 388 511 ne
403 451 464 509 haec
478 452 567 508 oratio
584 448 615 508 sit
629 449 778 509 hominurn
793 446 925 511 allentan·
935 459 1078 525 rotelli.

54 533 128 593 tium
143 530 242 589 nostrae
269 528 448 587 imbecillitati
473 527 718 601 &indulgentium
742 525 925 588 mollitudini:
940 539 971 598 ¹3

55 626 109 667 nos
123 619 214 664 autem
229 607 377 663 audeamus
391 621 449 661 non
462 601 548 661 solltm
571 620 662 661 ramos
685 616 826 679 amputare
847 603 928 661 mise-

56 685 178 750 riarum,
198 682 242 740 sed
256 699 355 740 omnes
369 679 490 738 radicum
506 679 582 738 fibras
605 679 731 739 evellere.
768 690 862 739 tamen
880 679 928 737 ali·

78 759 126 818 uid
140 760 305 834 relinquetur
318 753 434 817 sortasse.
474 756 511 813 ita
531 755 591 815 sunt
612 756 675 815 altae
695 755 787 829 stirpes
798 754 927 815 slultitiae.

56 778 105 896 {led
120 835 285 909 relinquetur
300 833 329 893 id
342 832 447 900 solum,
466 832 544 907 quod
556 832 629 891 rerit
648 831 834 891 necessarium.
855 830 951 905 ¹illudy
967 839 1062 893 estitit

56 911 172 989 quidem
190 912 225 967 fic
240 910 359 979 habeto,
378 906 427 966 uili
445 908 548 967 sanatus
569 908 677 966 animus
699 909 754 978 sit,
774 906 851 983 quod
870 906 928 966 sine

57 987 228 1063 philosophia
250 984 309 1043 fieri
330 1003 390 1044 non
411 984 518 1058 potest,
537 983 623 1042 finem
638 983 805 1044 miseriarum
820 984 928 1043 nullum

57 1065 130 1122 s'ore.
168 1064 367 1136 quamobrem,
387 1061 519 1135 quoniam
541 1062 699 1135 coepimus,
718 1061 856 1120 tradamus
875 1078 927 1119 nos

58 1138 86 1197 ei
116 1138 257 1196 curandos.
294 1136 444 1197 sanabimur
459 1136 505 1207 ,sr
541 1138 675 1195 volemus.
714 1139 744 1195 &
772 1136 928 1213 progrediar

57 1213 173 1291 quidem
188 1211 310 1288 longius:
330 1214 477 1271 nonenim
494 1211 528 1271 de
543 1213 703 1287 aegritudine
716 1211 803 1271 solum
813 1231 927 1289 ,quam-

58 1307 144 1365 quam
160 1289 188 1348 id
200 1288 312 1365 quidem
328 1287 465 1363 primunr,
484 1287 530 1346 sed
550 1289 585 1347 de
604 1289 685 1348 omni
698 1290 807 1356 animi,
827 1303 857 1348 ut
872 1306 926 1364 ego

59 1366 176 1441 ²posui,
195 1364 414 1439 perturbatione,
433 1364 551 1434 morbo,
570 1376 602 1424 ur
623 1367 715 1426 Graeci
736 1365 857 1436 volunt,
877 1384 925 1517 {1¹1
935 1354 1077 1470 {diffsus

59 1669 106 1733 peip
121 1670 195 1734 'lyam
211 1674 357 1747 ‘UWWW
373 1669 421 1726 τοῖς
439 1674 480 1725 ‘alr
494 1672 569 1733 ἄγριον
589 1673 683 1729 ὑμνοῦσι
699 1670 737 1721 καὶ
755 1671 849 1731 catapli
864 1667 928 1723 iras·

60 1735 129 1781 θιιαν
145 1734 188 1795 {Zur
202 1738 241 1783 aei
258 1754 297 1784 eru
312 1735 407 1784 muneri
423 1738 461 1781 real
478 1734 517 1782 τοῦ
534 1736 694 1795 cupellam&
710 1732 773 1783 ἶσαι.
806 1738 861 1783 line
871 1733 926 1784 sane

57 1793 174 1853 prioribus
190 1795 265 1846 verbis
281 1795 397 1870 aptissime
414 1796 571 1860 respondent,
586 1810 661 1860 eaque
673 1798 723 1907 isss²
738 1800 860 1846 Crantoris
880 1797 927 1846 esse

60 1858 123 1905 milri
133 1858 273 1922 persuadeo,
288 1861 343 1908 lreet
357 1860 425 1907 illurn
435 1857 468 1907 ibl
482 1873 532 1907 non
548 1858 649 1907 laudlrir
668 1874 683 1921 p
701 1859 820 1922 ilosoplrue
830 1861 928 1908 Chero-

60 1918 160 1977 neusis;
176 1921 242 1984 quod
254 1923 326 1970 etiam
338 1926 406 1970 Petro
416 1921 523 1970 Vislorio
533 1919 560 1970 sit
577 1921 694 1971 credibile,
727 1924 860 1986 Utcumque
871 1921 928 1971 vero

58 1982 91 2032 de
102 1983 144 2030 hac
155 1997 179 2031 re
189 1983 258 2031 fuerit
269 2019 276 2041 ‚
293 1997 380 2049 magna
392 1982 454 2033 certe
466 1986 490 2033 in
501 1985 591 2033 Latinis
600 1982 633 2034 est
650 1988 787 2040 Mssrorum
798 1984 929 2046 discrepan-

59 2047 112 2100 tia,
127 2060 172 2093 nee
185 2060 267 2096 eorum
282 2049 321 2096 vel
336 2061 412 2103 unus,
438 2047 517 2111 quoad
531 2045 642 2103 constat,
662 2062 714 2095 rece
731 2061 781 2095 tam
799 2048 929 2097 lectionem

57 2118 144 2158 tuetur.
161 2112 296 2169 Ven.1491.
313 2127 349 2157 nec
364 2122 434 2172 egroto
451 2113 537 2164 etiam,
555 2110 596 2168 rufi
612 2112 642 2157 isa
657 2113 697 2172 qui
706 2063 766 2168 sperae
780 2109 930 2169 sensusulsrr.

51 2169 160 2233 Froben.
176 2190 212 2220 nec
227 2187 298 2235 agroru
309 2176 388 2229 nim,
398 2172 438 2227 niss
448 2174 476 2220 iis
487 2176 526 2235 qui
538 2171 598 2231 ferat
608 2173 680 2234 sensus
695 2173 756 2227 adfir.
779 2170 931 2232 Corruptissi-

59 2247 109 2281 me.
128 2235 174 2283 Pal.
192 2248 268 2298 quart.
284 2230 383 2285 Petrens.
394 2234 506 2284 cantabr.
523 2234 628 2291 habent,
644 2252 680 2281 nec
693 2253 708 2281 a
722 2235 816 2294 rouffem
826 2267 834 2291 ‚
844 2235 878 2292 fi,
893 2238 929 2281 in-

59 2299 123 2360 quit,
134 2295 210 2354 fuerat
221 2298 314 2358 senfin:
331 2296 404 2355 adsta:
419 2294 451 2345 sic
466 2299 490 2346 δι
502 2298 577 2347 Varie.
589 2309 614 2345 at
626 2297 650 2347 in
660 2311 691 2345 eo
702 2250 877 2360 superscriptum
885 2329 892 2352 ,
900 2298 931 2354 fi,

61 2362 134 2419 inquit
148 2392 155 2415 ‚
168 2359 221 2419 fuat
232 2362 325 2422 senfin,
340 2359 401 2409 adfir.
434 2361 482 2408 rai.
494 2374 527 2422 pt.
547 2358 637 2409 secund.
650 2360 672 2419 fi
688 2363 708 2406 st
722 2364 762 2425 qui
771 2360 847 2420 fuerat
856 2361 930 2421 sensus

60 2439 74 2467 a
90 2435 122 2467 ir:
140 2435 183 2470 nec
194 2422 261 2470 aliter
271 2436 325 2473 tert.
335 2420 365 2471 ad
376 2423 507 2486 marginem
517 2440 526 2479 3
544 2423 569 2470 ln
579 2436 645 2471 textu
654 2421 725 2479 verb,
734 2424 766 2481 fi,
783 2427 871 2487 inquam
882 2454 890 2478 ,
905 2425 931 2470 id

72 2497 139 2545 gamar.
156 2486 238 2545 Quint.
255 2503 289 2532 nec
300 2504 315 2532 a
328 2490 380 2532 roris
390 2484 462 2543 em
477 2488 505 2531 iis
520 2489 560 2548 φη·
571 2485 646 2544 fuerat
656 2486 728 2546 sensata
743 2485 805 2544 adfit.
833 2489 870 2533 Ett
887 2483 932 2533 hac

60 2546 174 2594 varietate
190 2545 281 2595 dosiius
297 2502 388 2610 asiquid
403 2545 489 2595 subesse
505 2561 567 2595 ratur
582 2547 633 2610 Jae.
652 2549 787 2596 Gronovius
804 2545 933 2611 legendum

60 2609 177 2665 coniecit,
193 2610 218 2655 ne*
234 2610 370 2671 agroraffim,
386 2613 476 2672 inquir3
493 2610 527 2667 fin
538 2610 628 2668 fuerit,
643 2610 716 2670 sensus
732 2611 794 2669 adstr.
828 2610 933 2660 Priorem

59 2685 153 2735 partem
163 2669 299 2729 iamdudum
311 2686 465 2736 occupaverat
478 2675 524 2721 ier.
535 2672 666 2728 Victorius,
682 2673 718 2719 cui
730 2674 807 2736 placet
826 2677 853 2720 ni
869 2690 933 2737 agro-

59 2732 150 2794 ruffina
169 2735 204 2790 fin
214 2737 268 2798 quid
277 2730 348 2794 fuerit
359 2769 366 2792 ,
377 2736 449 2795 sensus
465 2736 526 2792 adfir.
559 2735 604 2784 sed
621 2745 698 2784 totam
710 2734 771 2784 lianc
782 2734 932 2785 emendatio·

61 2810 120 2845 nem
131 2796 231 2857 recipere
242 2813 290 2846 non
301 2795 390 2852 audem
407 2812 460 2847 eum
473 2796 557 2854 ssqm'd
567 2797 638 2856 fuerit
654 2830 662 2853 ,
684 2798 721 2845 vel
737 2799 837 2846 acciderit
854 2832 861 2854 ,
877 2814 929 2847 nou

58 2857 103 2907 nisr
119 2857 149 2906 de
164 2872 243 2906 morte
258 2862 312 2906 κατ’
328 2861 463 2915 denorum
482 2858 589 2916 dicatur,
605 2872 631 2907 ut
647 2857 792 2908 ostendimus
807 2858 838 2907 nd
855 2859 894 2910 lib.
909 2878 929 2912 1.

57 2919 128 2970 Tuse.
141 2919 233 2984 Dispur.
250 2935 344 2985 ειμι.
362 2922 453 2970 Vide&
462 2925 508 2970 Th.
517 2920 674 2971 Muriclrerum
685 2921 714 2969 ad
720 2923 809 2985 Hygini
816 2921 870 2970 Fab.
878 2936 929 2973 cix.

59 2982 213 3045 scribendum
224 2984 325 3046 puro,ne¹
337 2983 468 3045 agrouffimr
478 2986 512 3044 fin
526 2986 551 3031 id
557 2985 642 3044 fuerit,
654 2985 725 3095 seffor
736 2985 804 3040 adfir3
822 2985 933 3046 quando·

58 3046 156 3109 quidem
168 3047 232 3095 enim
244 3061 292 3093 vox
305 3051 377 3111 inquit
393 3045 473 3110 paullo
489 3059 543 3095 ante
558 3045 634 3096 fiterat
646 3061 678 3110 po
697 3059 740 3103 ta,
758 3046 818 3096 nihil
834 3049 929 3098 attinuit

60 3124 114 3159 eam
126 3108 198 3159 rursus
209 3109 249 3157 liic
259 3123 370 3170 repetere.
404 3108 512 3172 virgilius
523 3113 574 3159 AEn.
582 3123 616 3165 rr,
627 3125 665 3165 77.

156 3175 233 3220 Cunila
243 3175 340 3235 equidem
350 3173 410 3229 tibi,
426 3176 487 3237 Rex,
499 3173 570 3232 fuerit
580 3174 731 3236 quodcunque,
742 3173 834 3232 fatebor.
932 3179 935 3184 '

59 3245 107 3294 Ubi
119 3247 220 3302 Servius,
235 3251 260 3295 id
268 3249 309 3308 est,
325 3250 444 3310 quicunque
456 3247 592 3310 misequitur
602 3261 696 3297 errentur.
727 3245 766 3297 Ad
775 3247 837 3299 hunc
847 3251 930 3301 Maro-

59 3309 99 3359 uit
112 3306 192 3360 locum
203 3309 302 3375 respexit
315 3310 421 3361 Phaedrus
435 3308 530 3361 libret.
547 3313 652 3360 l’rooem.
658 3326 682 3368 v,
691 3325 730 3367 27·

196 3385 296 3438 Sasiam
308 3389 442 3450 quodcunque
449 3384 534 3444 fuerit,
549 3386 721 3435 indixerim

200 3449 245 3494 «sd
255 3464 320 3513 regem
330 3466 397 3516 quum
407 3450 526 3497 Dardania
533 3449 645 3510 perantiae
654 3450 721 3512 forn.
755 3451 834 3503 Divis.

439 3514 489 3560 le
503 3513 541 3561 sss
555 3513 582 3559 ss
830 3529 869 3573 24·
886 3516 938 3573 Ass
