2318 3914
150 39 170 65 Ἰ

180 170 184 177 ’
249 141 442 212 Lrnnn
483 134 736 200 Pnruus.
860 145 944 220 2337

69 258 141 317 dum
153 254 288 324 indouis,
308 265 401 314 totum
425 252 482 310 hoc
504 249 625 325 displicet
650 249 842 327 philosophari.
879 249 943 329 qui-

71 333 138 392 dam
153 346 317 391 autemnon
330 331 359 392 id
374 344 450 390 ²tam
463 327 684 402 reprehendunt,
703 326 723 386 fi
738 327 868 388 remiffihs
881 334 965 406 aga-⁸
979 331 1076 375 ‘mm

73 420 141 467 tur:
162 409 228 468 ²sed
248 422 358 468 tantum
395 404 515 466 studium
549 416 663 479 tamque
684 406 802 466 multam
823 387 1084 507 operamm

72 485 233 560 ponendam
247 487 276 544 in
291 503 328 544 eo
349 502 408 542 non
430 482 598 542 arbitrantur.
636 481 724 540 Erunt
744 483 846 552 etiam,
866 486 896 543 &
914 483 944 544 hi
1070 469 1092 515 '⁸

72 561 189 637 quidem
204 562 304 620 eruditi
324 561 429 618 Graecis
450 558 568 627 litteris,
589 570 801 617 contemnentes
815 558 944 630 Latinas,

73 637 123 715 qui
136 638 163 697 se
177 638 271 697 dicant
284 638 312 696 in
328 638 432 694 Graecis
445 634 566 710 legendis
579 652 694 710 operam
709 635 944 696 malleconl'ume-

70 731 113 773 re.
151 711 295 776 Postremo
311 713 417 791 aliquos
430 712 536 770 futuros
550 711 668 786 suspicor
682 755 691 782 ,
710 714 758 787 qui
773 729 820 770 me
833 712 868 771 ad
881 714 944 773 alias

69 790 176 850 litteras
190 801 319 849 vocent:
339 805 423 864 genus
444 788 500 846 hoe
519 786 674 856 scribendi,
694 787 742 847 etli
762 788 793 847 fit
814 789 946 864 elegans,

68 867 200 943 personae
213 880 308 924 tamen
328 868 357 925 &
371 864 507 939 dignitatis
520 861 572 922 elie
588 876 698 939 negent.

64 962 69 967 ·
115 943 224 1001 Contra
250 959 319 1018 quos
352 958 451 1000 omnes
476 938 626 999 dicendum
660 941 778 1000 breviter
809 941 969 1000 existimoe

73 1035 249 1095 quamquam
281 1017 460 1093 philosophiae
486 1016 601 1091 quidem
627 1016 855 1092 vituperatoribus
883 1018 941 1076 satis

74 1093 234 1171 responsum
251 1094 287 1153 est
303 1106 358 1153 teo
378 1093 472 1161 libro,
492 1110 549 1169 quo
570 1093 587 1153 *a
608 1095 687 1152 nobis
709 1093 878 1168 philosophia
892 1094 940 1153 de·

73 1169 201 1229 sensa&
229 1169 402 1230 bcollaudata
424 1167 479 1238 est,
499 1168 573 1228 cirm.
585 1167 650 1228 ellet
671 1169 794 1228 accusata
814 1173 843 1229 ὅ(
868 1161 963 1229 viru-b
976 1161 1072 1241 ἔψη

73 1259 169 1322 perata
184 1245 237 1304 aab
251 1246 413 1306 Hortensio.
450 1245 584 1322 quilibet
606 1245 670 1304 cium
693 1247 722 1303 &
743 1247 791 1304 tibi
812 1248 940 1321 probatus
948 1229 1001 1279 ⁶²⁸⁸·
1090 1252 1113 1261 “

74 1323 237 1390 videretur,
258 1324 287 1380 &
308 1324 361 1391 iis,
382 1339 453 1398 quos
475 1338 529 1395 ego
550 1320 625 1395 polle
642 1322 765 1397 judicare
786 1324 943 1394 arbitrarer,

73 1398 152 1475 plura
165 1398 284 1472 suscepi,
303 1402 405 1457 veritus
419 1415 455 1456 ne
470 1415 586 1456 movere
599 1399 747 1456 hominurn
768 1397 853 1457 studia
866 1400 945 1458 vide·

57 1462 135 1544 “rer,
156 1475 273 1534 retinere
288 1493 346 1534 non
362 1470 445 1549 posse.
484 1475 544 1548 Qui
566 1488 658 1550 autem
675 1516 684 1543 ,
704 1474 723 1531 st
745 1473 867 1533 maxime
885 1476 943 1535 hoc
970 1516 974 1522 -

74 1551 205 1626 placeat,
232 1551 397 1609 moderatius
419 1563 514 1608 tamen
535 1549 563 1608 id
584 1550 682 1609 volunt
703 1549 784 1618 fieri,
804 1551 943 1610 difficilem

75 1627 216 1703 quandam
229 1628 440 1703 temperantiam
461 1625 596 1704 postulant
616 1628 644 1686 in
666 1645 726 1698 eo,
747 1627 845 1703 §quod
859 1628 945 1716 semel
982 1620 1006 1671 Ρ·
1027 1621 1055 1672 ⁸·

887 1722 947 1781 Jam

75 1899 164 2007 Ῑὴιιὶιίι
174 1901 254 1950 litteris
260 1901 413 1966 persequitur,
429 1903 487 1951 nitr't
502 1912 526 1949 ut
542 1900 619 1949 iisdem
635 1901 661 1948 dr
676 1903 734 1951 robur
749 1905 823 1950 <traca
838 1899 946 1960 desideres.

111 1974 170 2011 uret.

96 2013 130 2072 ἰ.
149 2026 192 2072 Sed
206 2039 252 2072 tom
266 2027 360 2074 multum
371 2025 469 2086 studium
483 2039 569 2100 tamque
586 2028 678 2072 multam
694 2031 796 2088 operam]
826 2029 861 2074 lta
873 2025 906 2074 est
920 2027 946 2078 io

77 2085 256 2151 manuscriptis,
273 2090 381 2153 quamtis
392 2088 422 2137 ad
437 2091 552 2137 orationts
566 2090 643 2152 magis
659 2087 805 2137 venustatem
814 2089 944 2152 pertineat,

75 2143 95 2195 fi
106 2148 254 2215 inlegatus,
269 2152 343 2215 qu‘am
353 2151 382 2200 ad
394 2152 541 2201 sententiam.
557 2153 632 2209 vrfio.

110 2226 132 2266 ι.
149 2217 181 2260 Eo
192 2215 265 2273 libra]
282 2216 317 2264 sic
331 2229 363 2265 ιι.
377 2214 406 2264 de
416 2217 521 2264 Divinat.
539 2216 645 2261 Coborrotr‘
656 2213 751 2274 fumus,
766 2227 790 2262 ut
800 2217 896 2262 maxime
907 2227 947 2275 po·

75 2275 174 2328 tuimur,
188 2278 219 2322 ad
225 2279 357 2341 philosophia
367 2279 466 2339 studium
480 2294 501 2323 ro
517 2279 584 2333 libro,
600 2280 640 2340 qui
651 2275 679 2336 est
694 2276 805 2338 inscriptus
816 2277 947 2336 Horrrnfirrr.

76 2337 109 2383 El
120 2350 153 2386 ¹1.
165 2340 232 2389 Tulc.
250 2348 373 2388 Norensem
384 2341 486 2402 universo
497 2341 629 2402 philosophia
645 2341 824 2400 vituperatoribus
840 2341 947 2403 respondi·

77 2413 126 2445 mur
141 2403 165 2446 r'o
180 2405 295 2463 Horrenfio.
328 2408 358 2451 Et
373 2404 399 2451 in
418 2418 464 2450 ιιι.
486 2406 627 2466 Quamquam
641 2403 667 2449 dr
681 2401 782 2462 uniuerso
796 2404 946 2466 philosophia,

76 2473 202 2525 quantopere
214 2466 240 2516 &¹
251 2468 363 2528 expetendo
376 2468 401 2518 ιγ
415 2467 500 2512 colenda
509 2465 568 2525 effer,
580 2466 651 2523 sotir,
666 2476 691 2511 ort
700 2465 810 2522 arbitror,
826 2467 908 2513 diuum
918 2468 947 2527 epi

75 2525 100 2569 in
113 2527 229 2585 Horrensto.
254 2529 363 2578 meminit
379 2531 403 2578 ht
420 2529 473 2577 aliis
488 2528 555 2578 locis.
588 2530 645 2587 Ejus
665 2525 719 2576 libri
733 2527 802 2575 nobis
817 2526 945 2581 hominum
959 2556 961 2561 ·

75 2586 116 2635 ,ιιι
128 2589 295 2652 negligentia,
309 2593 347 2639 rel
360 2591 498 2655 improbitas
509 2589 569 2640 nihil
583 2589 633 2640 sere
644 2602 725 2655 preter
737 2604 827 2640 nomen
842 2593 868 2642 tr
883 2589 946 2643 dest·

77 2646 169 2699 derium
180 2653 282 2715 reliquit.
313 2658 392 2703 Mures.

106 2730 131 2772 4.
147 2716 189 2762 Ab
200 2717 326 2775 lituraſse]
341 2715 494 2767 Hortenfium
504 2712 646 2764 abhorruisse
655 2712 670 2763 l
679 2713 828 2779 philosophia
838 2717 875 2766 vel
887 2717 943 2768 hine

74 2775 161 2840 colligi
171 2778 255 2840 potest.
277 2776 335 2828 solet
352 2780 416 2830 enim
425 2780 511 2828 Cicero
524 2776 549 2827 in
564 2777 672 2842 Dialogis
690 2777 719 2826 ad
735 2792 817 2826 eorum
832 2777 941 2839 sensum,

73 2853 137 2903 quos
146 2841 273 2904 loquentes
288 2841 360 2896 facit,
375 2843 487 2905 cuiusque
501 2840 636 2890 orationem
651 2839 841 2889 accommodare.
875 2857 942 2905 aper·

72 2903 120 2952 tius
131 2904 205 2953 etiarn
217 2903 281 2954 idem
291 2904 378 2953 indicat
387 2905 448 2954 libro
461 2919 494 2954 rr.
504 2901 578 2952 A'cad.
592 2910 627 2952 ιε.
644 2901 681 2950 his
692 2903 785 2951 verbis:
801 2907 877 2960 Tune,
894 2922 942 2953 curro
1010 2931 1013 2939 ·

71 2969 140 3013 tontis
154 2968 254 3013 laudibus
265 2968 417 3029 philosophiam
432 2969 550 3021 extuleris,
567 2966 740 3025 Horrrnfiumque
756 2963 848 3023 nostrum
865 2968 942 3026 diffen-
1041 3004 1044 3009 ,

69 3032 158 3077 rientem
170 3034 308 3077 commoveris
321 3034 365 3082 soc.
383 3032 422 3078 Ne
440 3043 469 3076 ue
479 3027 532 3078 sone
543 3030 629 3076 mirum
639 3027 672 3075 est
700 3024 806 3078 iscinario
816 3028 852 3076 illi
862 3029 942 3091 philo·

67 3089 180 3155 sophiam
187 3088 274 3158 'parum
287 3092 411 3157 probatam
422 3043 497 3143 dine,
528 3095 603 3154 Lege,
613 3104 671 3162 ¹quo:
681 3041 711 3136 de
722 3104 751 3138 eo
762 3103 839 3163 narrat
845 3095 943 3143 Macro·

67 3149 123 3209 blus
133 3154 174 3203 lib.
183 3170 229 3206 ιιι.
244 3160 334 3207 saturn.
355 3169 405 3204 non
420 3167 526 3219 quaeres,
545 3169 584 3202 cur
598 3150 715 3212 erusmodi
731 3150 824 3201 homini
834 3152 941 3218 philoso-

64 3217 128 3282 phia
140 3216 259 3269 sorduerit.
291 3221 359 3267 Idem.

103 3296 127 3335 5.
144 3280 405 3343 Quodsemrlodmrffum
422 3282 478 3339 syo]
499 3278 563 3328 Libri
580 3290 669 3326 veteres
683 3275 786 3332 hubent,
802 3281 859 3343 quod
869 3281 937 3340 fimes

54 3346 115 3407 jam
125 3342 226 3401 mr'ffirmr
258 3343 308 3394 uod
316 3344 450 3407 improbare
461 3357 510 3391 non
536 3340 618 3392 olium.
636 3340 937 3394 Videturenimtranslario

61 3405 115 3457 effe
126 3405 139 3453 i
150 3405 202 3453 telo
211 3357 293 3464 mdo,
315 3407 382 3472 quod
395 3406 466 3457 semel
478 3356 572 3454 millum
584 3403 669 3454 retrahi
684 3419 735 3453 non
749 3403 832 3468 potest.
865 3407 936 3455 Talia

64 3468 126 3533 suut.
134 3471 161 3520 ὅ(
174 3468 262 3520 tctbtt
278 3485 328 3522 roro
336 3473 403 3534 semel
413 3471 525 3534 wiffam,
548 3480 573 3514 ut
594 3468 626 3515 ait
642 3467 700 3527 ille,
715 3481 786 3518 maort
799 3471 937 3521 irrevocabile

485 3531 664 3595 metues
884 3547 936 3580 vo
1007 3618 1016 3625 ἱ
