2318 3914
230 145 311 230 2382.
415 138 479 203 Da
501 138 589 202 Fru.
610 134 711 200 Bon.
731 150 781 198 nr
803 132 919 200 Man.

204 255 208 271 ¹
230 242 280 314 qui
293 255 347 300 nec
359 239 488 306 laetetur,
507 255 561 297 nec
575 248 705 312 angatur:
725 235 850 312 itemque
863 240 936 296 inter
948 243 1033 308 euru,
1054 239 1104 315 qui

231 318 351 390 potiatur
374 314 499 390 expetitis
520 313 643 389 corporis
663 312 871 387 voluptatibus,
891 317 921 374 ὃ(
943 332 1033 383 eum,
1055 318 1106 392 qui

84 398 214 512 elatusque
234 395 370 452 crucietur
396 390 510 451 summis
530 390 688 460 doloribus,
708 386 762 448 effe
784 407 873 463 euin,
893 391 941 468 qui
963 402 1106 469 rutroque

84 482 135 513 ⁴¹¹·
172 525 178 536 ,
237 482 336 531 careat.

84 528 180 636 {stiffi
275 547 313 604 V.
333 546 504 607 sinsus
525 545 606 621 igitur
626 541 725 603 videor
746 544 805 603 vim
827 544 976 604 verborum
991 557 1105 604 uenere:

85 608 159 701 dim,
237 639 272 681 an
286 623 345 682 sum
360 625 444 682 etiam
458 638 534 682 nunc
547 623 594 681 vel
607 619 708 680 Graece
728 619 824 698 §loqui
839 663 848 692 ,
869 621 914 680 vel
937 622 1037 680 Latine
1053 621 1108 680 do-

159 686 339 790 '15cendus
355 699 366 756 ἓ
385 697 631 767 Ettameuvide,
651 715 712 767 ne,
732 696 752 755 fi
773 716 827 772 ego
848 717 907 758 non
928 698 1107 774 intelligam,

235 776 339 851 quidE
359 778 448 836 icurus
463 776 610 851 loquatur,
631 772 695 833 cum
710 773 829 841 Graece,
848 788 880 834 ut
893 774 1008 843 videor,
1028 775 1108 833 lucu·

233 851 323 917 lenter
337 790 418 913 {iam
427 875 437 920 ;
457 851 490 911 fit
503 850 593 927 aliqua
608 851 686 926 culpa
702 852 776 926 ejus,
796 851 845 927 qui
859 853 897 910 ira
909 852 1055 928 loquatur,
1075 863 1109 911 ut

233 946 295 989 non
308 929 481 1005 intelligatur.
519 927 597 1004 quod
611 928 718 986 duobus
734 927 826 987 modis
840 927 896 986 sane
917 926 1109 1002 reprehensio·

234 1023 273 1064 ne
287 1003 334 1063 fit:
354 1004 485 1063 stantde
498 1005 626 1063 industria
642 1005 741 1075 facias,
760 1016 791 1062 ut
805 1005 978 1072 Heraclitus,
998 1020 1109 1078 cogno·

235 1094 335 1141 menro
348 1081 397 1157 qui
411 1081 544 1144 σκοτεινὸς
556 1080 737 1156 perhibetur,
765 1082 830 1156 quia
852 1081 888 1139 de
909 1093 1005 1139 natura
1024 1083 1109 1141 nimis

237 1155 351 1216 obscure
373 1158 565 1217 memoravit:
585 1168 633 1215 aut
652 1155 717 1214 curn
741 1173 832 1215 rerum
856 1156 1026 1225 obscuritas,
1046 1175 1109 1217 non

235 1235 404 1307 yerborum,
423 1235 506 1301 facit,
525 1244 628 1292 utnon
641 1226 805 1310 intelligatur
826 1234 937 1292 oratio:
963 1234 1050 1308 qualis
1069 1235 1110 1294 est

236 1310 266 1369 in
281 1310 398 1369 Timaeo
411 1310 539 1369 Platonis.
577 1309 709 1383 Epicurus
724 1322 818 1369 autem
834 1351 843 1377 ,
862 1322 893 1368 ut
916 1309 1034 1384 opinor,
1053 1328 1110 1371 nec

176 1396 179 1409 ’
236 1403 297 1445 non
312 1387 386 1456 vult,
407 1386 540 1461 stpoffit,
559 1384 639 1460 plane
667 1388 696 1444 &
720 1384 815 1461 aperte
828 1386 922 1462 loqui:
943 1403 996 1443 nec
1016 1387 1052 1445 de
1078 1405 1110 1446 te

238 1462 368 1532 obscura,
388 1475 418 1521 ut
438 1462 567 1538 phyfici;
588 1473 635 1521 aut
654 1461 821 1531 artificiosa,
841 1475 873 1520 ut
893 1462 1110 1533 mathematici,

238 1538 285 1597 sed
299 1539 334 1598 de
358 1539 448 1597 illustri
476 1542 506 1597 δι
526 1538 624 1606 facili,
650 1539 734 1596 etiarn
758 1541 788 1597 in
808 1537 906 1612 vulgus
927 1536 1110 1614 petuidgatd,

238 1615 369 1691 loquitur.
407 1617 588 1690 Quamquam
602 1631 661 1671 non
676 1617 781 1688 negatis
794 1632 845 1673 nos
859 1614 1028 1688 intelligere,
1042 1616 1112 1691 quid

237 1690 270 1749 fit
284 1692 409 1768 voluptas
425 1734 434 1760 ,
453 1691 500 1750 sed
519 1691 593 1766 qnid·
608 1690 652 1747 ille
667 1689 748 1748 dicat.
786 1689 802 1748 ὲ
823 1709 881 1767 quo
898 1692 1030 1760 efficitur,
1051 1709 1112 1751 non

91 1787 102 1822 t
118 1767 221 1832 nordeess
238 1780 271 1826 nt
283 1776 352 1826 tnos
366 1779 446 1826 vnon
459 1767 657 1841 intelligamus,
678 1783 743 1841 quae
757 1768 797 1825 vis
813 1767 845 1825 fit
858 1767 929 1826 istius
944 1767 1021 1825 verbi
1037 1810 1045 1836 ,
1065 1768 1112 1828 sed

90 1840 116 1885 ¹³·
128 1835 199 1882 MSS·
241 1856 273 1902 ut
287 1844 332 1901 ille
343 1842 392 1902 sno
407 1861 487 1903 more
500 1845 645 1917 loquatur,
665 1842 787 1901 nostrum
803 1843 931 1918 negligat.

90 1975 107 2008 v
122 1900 202 2007 {m}
282 1920 309 1978 Si
325 1922 400 1980 enim
416 1919 492 1979 idem
506 1920 614 1988 ¹dicit,
634 1919 711 1994 quod
725 1920 936 1994 Hieronymus,
955 1920 1004 1995 qui
1019 1920 1113 1981 censet

93 1994 202 2069 ,Μῇ,ῥῇ
243 1994 383 2061 summum
404 1996 511 2055 bonum
533 1994 610 2063 elle,
630 1994 686 2053 stne
706 1996 760 2055 ulla
781 1997 903 2055 molellia
925 1997 1044 2065 vivere,
1064 2013 1114 2057 cur

93 2074 163 2136 non.
244 2074 350 2132 mavult
365 2074 455 2132 dicere
482 2072 653 2147 voluptatem
687 2072 774 2149 quam
796 2074 962 2130 vacuitatem
985 2072 1114 2144 doloris,

199 2147 234 2210 16
244 2162 275 2208 ut
288 2150 333 2209 ille
348 2151 432 2217 facit,
450 2150 516 2225 qui,
535 2147 602 2224 quid
618 2147 714 2217 dlcat,
734 2148 885 2224 intelligit?
915 2160 940 2203 ¹7
950 2148 996 2207 Sin
1016 2162 1112 2209 autem

93 2222 188 2340 fugitat
244 2226 416 2302 voluptatem
431 2237 524 2300 putat;
548 2223 950 2303 =8dicatad1ungendan1ean
966 2269 976 2295 ,
995 2243 1061 2302 quae
1080 2226 1114 2364 {ig

238 2453 326 2520 scriptis
337 2456 423 2518 partim
434 2453 565 2519 reperissem
575 2454 703 2520 scriptum,
720 2468 786 2519 nuper
807 2458 902 2512 notitia,
921 2470 946 2504 ut
964 2456 1037 2568 νυὶξο
1051 2453 1112 2519 legl-

240 2531 291 2567 tur:
308 2519 408 2581 partim,
424 2535 503 2580 nupera
515 2524 612 2575 neritia,
628 2534 652 2566 ut
664 2524 688 2569 δι
700 2522 726 2569 in
737 2521 859 2567 nonnullis
877 2521 1007 2584 exemplari
1024 2533 1049 2566 us
1063 2525 1113 2567 Te·

238 2581 370 2629 sentianis:
387 2583 488 2646 partim,
503 2585 558 2628 inter
569 2600 605 2628 nos
621 2586 700 2629 notitia
713 2617 720 2639 ,
736 2580 785 2629 fine
797 2597 857 2630 voce
868 2597 951 2643 nuper,
968 2596 1007 2630 aut
1018 2595 1113 2643 nupera:

239 2658 285 2706 ego
297 2657 375 2704 nupera
389 2648 468 2691 notitia
483 2642 600 2692 edendum
613 2647 706 2701 curavi,
724 2644 929 2708 quemadmodum
946 2648 971 2694 δι
990 2644 1114 2693 nonnullis

240 2707 295 2756 viris
312 2706 388 2755 dudlis
406 2708 455 2770 legi
472 2707 562 2768 placere
580 2708 692 2770 cognovi.
720 2722 821 2818 nexerunt
838 2723 917 2756 autem
933 2723 975 2770 pro
995 2706 1114 2756 recentia

238 2769 353 2818 veteribus
364 2769 498 2833 usurpatum
510 2768 556 2819 else
567 2771 661 2818 testatur
673 2773 698 2820 δι
709 2775 741 2818 Fe

238 2833 308 2881 ritate
319 2834 410 2888 Plauti,
422 2837 494 2897 Capr.
512 2839 590 2896 'Recens
600 2848 684 2896 captum
694 2837 799 2881 hominem
810 2848 927 2895 nuperum,
943 2837 1062 2883 novitium.
1096 2829 1116 2881 ss

199 2935 205 2941 .
239 2897 293 2958 quis
304 2909 385 2945 tamen
396 2896 465 2945 malit
476 2898 541 2959 legi,
556 2910 630 2958 nuper,
651 2912 701 2944 non
712 2894 846 2951 admodum
858 2898 980 2945 laborabo.
1006 2897 1083 2947 tamt.

271 2973 307 3014 17.
325 2962 367 3006 Sin
381 2973 452 3006 autem
467 2962 597 3021 voluptatem
613 2972 694 3019 putat;
720 2961 779 3006 dicar
791 2962 946 3022 adjungendam
956 2968 1019 3014 eam‘,
1033 2954 1078 3022 (sua
1086 2958 1118 3017 fit

239 3023 352 3078 inmota]
384 3027 418 3069 lta
433 3022 481 3073 Pal.
500 3037 534 3082 pr.
546 3037 623 3085 neque
638 3023 705 3069 aliter
725 3023 786 3070 vtes.
798 3024 835 3071 ed.
852 3024 926 3085 quam
938 3021 1005 3085 qnod
1016 3021 1065 3087 ipsa
1077 3022 1115 3081 fit.

239 3083 351 3146 proxime
362 3083 475 3133 accedunt
487 3085 516 3133 ad
527 3085 588 3132 hanc
598 3084 726 3133 lectionem
738 3084 796 3134 Pall.
809 3087 879 3134 ceteri
893 3120 900 3140 ,
916 3086 942 3133 in
958 3086 1041 3147 quibus
1052 3083 1119 3140 fere,

241 3158 319 3210 parat,
335 3147 394 3192 dicar
404 3149 559 3208 adiungendam
570 3148 649 3202 illam,
659 3164 703 3212 que
711 3148 740 3207 fit
751 3151 775 3194 in
784 3163 850 3197 motu.
870 3150 943 3196 Aldus
951 3161 1006 3195 avus
1023 3150 1049 3196 δι
1065 3150 1120 3196 vul·

244 3209 307 3272 gari,
324 3209 382 3254 dicae
392 3211 548 3270 adjungendam
559 3213 588 3256 ad
599 3213 677 3266 illam,
693 3226 738 3274 qua
749 3213 773 3257 in
783 3213 883 3269 morafie.
916 3211 1060 3259 Gulielmius
1075 3226 1120 3259 an·

244 3271 1121 3338 notarim[Legerimpueam,veljum.ramdesperarisnonmeimmisceo.]

246 3332 597 3400 Scaligerlibrosuoadscriplit‚
608 3337 782 3399 finaoluprarem
790 3351 868 3399 putat;
884 3340 942 3386 dicat
952 3339 1121 3400 adjungendae»,

247 3397 325 3451 illam,
340 3411 384 3456 qua
394 3401 419 3444 in
428 3406 537 3449 matutae.
555 3401 610 3463 quid
620 3402 705 3446 rendit?
721 3403 814 3448 Gruter.

280 3466 317 3511 ιε,
332 3462 401 3511 Dius
411 3463 566 3526 adimendam
577 3463 654 3520 illam,
669 3462 751 3526 qufis
760 3467 786 3513 in
795 3469 875 3524 marm]
887 3467 924 3515 lta
933 3461 1020 3528 tegitur
1030 3462 1071 3513 hic
1082 3462 1122 3510 lo·

1080 3538 1122 3575 Cui

762 2769 879 2833 us,idque
890 2770 1019 2819 confirmat
1031 2771 1117 2818 andlo-

807 3722 821 3749 δ
