2318 3914
145 141 151 154 '
209 137 308 218 2246·
350 128 353 150 ¹
396 132 935 217 Acunum-Quusiiouum

133 268 136 275 ·
209 244 273 304 belii
292 242 479 307 instrumentis
498 249 528 308 ὅτ
551 267 587 326 ap
607 258 701 322 aratu,
719 265 751 311 ut
763 252 810 312 ille
823 266 872 311 rex
890 251 954 329 poll
965 249 1093 313 tlle'xaii⁵

209 321 293 407 duum
306 326 444 384 maximus
458 325 565 385 hunci
586 267 614 386 fe
633 328 771 404 majorem
796 328 899 388 ducem
920 329 1090 404 cognitum,

152 410 155 415 ’
210 398 298 476 quim
318 418 491 479 quemquam
514 420 640 476 eorum,
670 405 805 484 ¹⁰quosl
843 407 923 476 'et,
943 407 1088 466 fateretur.

211 474 246 536 lu
261 476 364 536 eodem
378 491 454 538 tanta
468 480 613 556 prudentia
638 483 691 545 fuit
710 485 741 542 in
762 501 818 542 con
842 481 959 542 'tuendis
977 493 1094 560 tempeffi

211 553 358 630 randisque
373 557 527 617 civitatibus
535 564 549 626 ‚¹
563 570 638 617 tanta
653 561 786 637 aequitas,
805 572 837 618 ut
848 558 935 619 hodie
954 558 1007 617 stet
1021 558 1089 618 Alia

212 630 325 690 Luculli
339 633 464 693 institutis
484 635 670 695 servandis&
690 637 766 713 quali
788 635 904 712 vestigiis
920 634 1091 712 persequena

211 706 262 766 dis.
300 709 369 779 Sed,
392 711 441 769 etsi
455 726 555 788 magna
570 730 636 770 cum
650 713 766 772 utilitate
787 713 969 788 reipublicae‚
989 724 1088 789 tamen

212 783 313 844 diutius
339 785 425 864 quim
443 789 555 851 vellem,
570 796 656 847 tanta·
667 790 708 848 vis
728 791 836 848 virtutis
861 801 945 866 atque
963 789 1088 864 ingenii,

125 863 126 866 ’
210 865 382 939 peregrinata
401 861 505 923 fabfuit
524 864 558 924 ab
580 865 668 924 oculis
689 867 719 925 ἃ
739 867 794 925 fori
821 867 852 925 δι
867 867 966 924 scuriae.
1005 868 1088 942 Quin

130 971 140 986 ·
211 939 314 1008 etiam,
334 939 399 999 cum
414 941 505 1000 vidior
519 941 535 1000 ai
551 941 742 1002 Mithridatico
756 942 828 1002 bello
843 939 1013 1014 revertiffet,
1034 944 1088 1002 ini-

211 1017 369 1079 micorum
388 1015 527 1076 calumnii
554 1021 675 1093 tn'ennjo
703 1018 803 1078 tardius
844 1017 931 1097 qulm
954 1019 1088 1080 debuerat

129 1100 132 1105 '
209 1094 398 1168 triumphavit.
435 1114 487 1154 nos
502 1096 578 1154 enirn
593 1094 716 1154 consules
730 1095 934 1155 introduximus
953 1096 1040 1172 paeu‘d
1058 1099 1088 1156 in
1129 1118 1134 1137 ·

110 1229 118 1245 ,
169 1221 174 1232 .
208 1170 307 1228 urbem
322 1187 432 1228 currum
446 1171 584 1233 clariliimi
596 1174 668 1231 viri:
708 1174 785 1249 cujus
800 1172 870 1231 mihi
889 1173 1045 1249 consilium
1058 1176 1089 1233 ot

210 1246 357 1305 auctoritas
371 1248 438 1323 quid
453 1262 514 1307 tum
538 1250 566 1308 in
588 1249 716 1307 maximis
738 1251 823 1323 pebus·
837 1247 990 1325 pioluiliut¹
1012 1251 1089 1311 dice÷
1131 1282 1134 1319 ς

165 1383 166 1387 ,
208 1341 270 1382 rem
285 1365 295 1394 ,
314 1323 364 1381 nisi
378 1325 415 1382 de
427 1327 498 1383 mei
518 1326 547 1385 lo
561 1326 713 1384 <licendum
727 1323 794 1385 esset
808 1325 916 1402 ‚quod
933 1328 991 1387 hoc
1012 1341 1088 1386 tem·
1131 1328 1134 1405 l

208 1416 279 1479 pore
293 1417 352 1459 non
367 1401 405 1459 est
417 1344 517 1461 necelf
526 1446 533 1462 .
569 1392 664 1480 itique
678 1403 793 1477 privabo
805 1404 884 1462 illum
897 1403 990 1479 potilu
1009 1403 1089 1465 debis

203 1486 244 1555 ‚to
264 1476 447 1553 testimonio,
480 1479 567 1558 quim
590 1481 618 1539 id
646 1497 713 1538 cum
736 1497 800 1540 mea
818 1479 901 1539 laude
922 1482 1089 1541 'communi-

201 1570 298 1615 ¹cem.-
895 1582 897 1587 ⁴

186 1656 206 1713 4
254 1631 508 1706 II.Sun,'ou1c
530 1631 655 1710 populari
668 1633 753 1708 gloria
768 1633 892 1692 decorari
912 1633 941 1693 iu
963 1632 1087 1694 Lucullo

126 1722 130 1731 “
215 1706 388 1781 debuerunt,
407 1730 440 1771 ea
454 1710 511 1768 ferd
525 1711 586 1768 sunt
601 1711 631 1767 dc
645 1711 750 1768 Graecis
762 1710 856 1768 litteris
875 1711 906 1768 ἃ
921 1711 1029 1771 Latinis
1043 1726 1091 1770 ce·-

66 1783 325 1869 gatedolebrata.
365 1789 427 1850 Nos
446 1799 539 1855 autem
560 1785 605 1844 illa
626 1797 761 1844 sexterna
781 1803 847 1845 cum
869 1787 983 1847 multis:
1015 1784 1089 1848 'haec'

66 1867 154 1921 matii.
216 1861 351 1941 ulteriora
367 1882 434 1925 cum
450 1865 543 1941 paucis
562 1880 598 1921 ex
618 1863 626 1921 i
646 1862 679 1921 so
696 1860 769 1939 saepo
783 1864 977 1939 cognovimus.
997 1866 1090 1940 maio

215 1949 246 1997 're
259 1939 336 2000 enim
349 1940 439 2002 studio
454 1938 587 1999 Lucullus
609 1881 673 1998 ἐξω
690 1939 777 1999 omni
796 1939 948 1999 litterarum
971 1943 1088 2017 generi,

215 2025 277 2074 tum
290 2016 473 2094 philosophiae
488 2017 596 2077 deditus
609 2017 678 2085 fuit,
697 2015 804 2102 quam,
822 2018 871 2092 qui
885 2017 962 2077 illum
976 2021 1091 2152 isgnora·

144 2137 146 2140 -
214 2090 305 2164 hant,
332 2094 534 2154 arbitrabantur.
571 2109 625 2151 nec
647 2091 715 2152 vero
734 2105 849 2152 meunte
876 2105 958 2152 aetate
990 2093 1087 2168 olum,

65 2168 199 2251 hiquzduc
214 2167 262 2228 sed
275 2170 306 2229 &
318 2169 334 2214 ¹¹
341 2190 393 2246 pro
407 2172 543 2249 quaestore
556 2169 591 2228 ali
612 2181 663 2228 uot
683 2187 794 2239 annos,
815 2170 845 2228 ὅτ
865 2170 896 2229 in
916 2170 975 2247 ipso
995 2171 1087 2233 bellot

65 2236 118 2290 ⁶²⁸¹·
215 2246 317 2322 inquo
331 2248 369 2309 ita
383 2266 482 2325 magna
497 2248 537 2307 'rei
558 2186 679 2306 militaris
701 2243 755 2305 elle
777 2246 926 2321 occupatio
947 2246 1037 2318 solet,
1056 2261 1089 2309 ut
1124 2284 1127 2297 ·

213 2340 275 2386 uon
289 2324 410 2383 multum
423 2324 584 2401 imperatori
595 2320 710 2398 subipfis
723 2321 836 2396 pellibus
845 2323 896 2382 otii
910 2323 1088 2401 relinquatuu

215 2398 290 2457 Cium
306 2413 399 2460 autem
414 2400 430 2460 ὲ
445 2400 628 2478 philosophis,
647 2400 761 2474 ingenio
787 2396 954 2475 scientiaque
977 2413 1089 2476 putare-

210 2482 259 2534 'tut
274 2486 299 2518 ¹¹
310 2476 484 2549 Antiochus,
503 2478 625 2537 Philonis
638 2475 771 2544 auditor,
792 2476 945 2546 excellere,
964 2495 1030 2536 eum
1046 2478 1088 2537 se·-

213 2566 280 2625 cum
296 2554 326 2627 &
340 2554 459 2630 quaestor
472 2555 582 2623 habuit,
603 2555 633 2612 δε
646 2552 707 2628 post
719 2552 825 2628 aliquot
847 2568 935 2613 annos
967 2553 1089 2630 impera·

171 2687 173 2692 .
213 2639 268 2688 tor.
306 2630 429 2708 cumque
445 2629 509 2690 effet
525 2629 558 2690 el
578 2626 739 2698 memorii,
759 2647 843 2705 quam
864 2627 929 2688 ante
951 2627 1034 2699 dixi,
1055 2646 1089 2691 ea

212 2702 285 2783 laepd
299 2709 439 2769 audiendo
454 2708 534 2768 heile
557 2707 715 2783 cognovit,
734 2723 801 2783 quae
822 2705 868 2766 vel
888 2705 974 2766 semel
993 2707 1087 2767 audita

1022 2802 1089 2853 1110‘

238 3009 277 3046 xo.
293 2997 356 3058 Quos
365 2995 455 3060 legiffaet,
465 2997 588 3052 faleratum]
603 2965 738 3044 ulduinus
750 2986 827 3039 codex
838 2993 880 3042 ille
891 2989 1023 3042 Parilienlis
1034 3000 1087 3053 quoa

209 3052 289 3122 legibus
294 3058 341 3119 fat.
350 3059 414 3107 unde
425 3057 476 3110 fieti
486 3059 556 3109 facile
567 3069 675 3122 poterat,
690 3059 779 3120 legimus
790 3085 799 3111 ,
814 3058 885 3107 uti&
896 3068 1025 3106 annotant
1036 3056 1089 3103 Gtt·

208 3118 322 3172 lielmius.
354 3124 442 3170 Gruter.
784 3175 787 3182 Ι

244 3200 282 3236 11.
299 3188 445 3242 Antiochum]
458 3189 540 3234 Sextus
551 3182 683 3246 Empiaicus
695 3179 736 3232 lib.
744 3198 763 3235 1.
781 3181 860 3247 Pyrrh.
874 3185 966 3246 Hypot.
982 3196 1033 3254 cap.
1049 3192 1089 3235 η.

212 3243 245 3297 ab
254 3247 378 3297 Antiocho
388 3247 475 3296 sudham
488 3248 591 3295 Stoicam
606 3247 747 3295 translatam
765 3248 799 3295 ait
817 3243 864 3295 eli'e
879 3247 904 3293 in
921 3241 1091 3293 academiam

193 3311 275 3360 ’utin
286 3309 409 3360 academia
419 3310 578 3374 philosophasi
590 3311 669 3359 stoica
685 3308 714 3357 fit
731 3308 814 3359 dictus.
849 3323 899 3373 quo
914 3306 1012 3357 fortaffe
1027 3321 1092 3355 nou·

213 3374 275 3423 nulli
284 3373 406 3423 audoleni
417 3374 505 3438 quinta
516 3388 630 3421 vocarunt
641 3373 785 3421 academice:
802 3388 857 3423 cum
874 3372 967 3421 Philoni
987 3372 1012 3420 δι
1029 3376 1093 3418 Cas·

210 3435 283 3487 mida
292 3450 403 3513 quartam
418 3471 427 3495 ,
449 3437 567 3486 carneadi
583 3437 679 3487 testium
697 3432 839 3495 dedillem3
861 3448 888 3493 ut
904 3433 1007 3486 ostendit
1025 3431 1092 3483 idem

211 3499 403 3555 Semtbidem.
435 3504 570 3552 &Manum

258 3588 260 3593 ’
990 3568 1027 3612 12.
1043 3563 1094 3609 Nu·
