2318 3914
214 109 297 188 2778
366 98 970 174 rosconnrsrurnnonon

1076 180 1081 209 i

251 221 331 282 XIV.
350 218 660 284 irruo-animorum
692 238 902 301 corporumque
942 215 1084 303 diflimilei‘g

213 297 294 378 qubd
313 299 401 359 animi
420 301 542 362 valentes
575 312 603 356 43
619 299 721 359 morbo
746 300 847 359 tentari
867 315 930 375 non
959 299 1086 391 possuntt}

214 392 331 452 corpora
345 373 464 454 poliunt.
503 376 549 437 sed
563 393 715 453 corporum
736 374 904 435 offensiones
927 374 988 436 sine
1007 380 1074 457 colpe

63 467 125 523 rire
135 467 190 522 iis.
214 453 340 513 accidere
367 451 509 530 poliunt,
536 454 695 513 animorum
724 466 784 513 uon
810 454 908 512 ’item
953 449 1073 531 Quo'rutn

215 548 316 611 omnes
330 530 422 589 morbi
447 531 477 589 ὃ(
503 530 720 605 perturbationes
741 546 776 587 ex
796 528 990 605 aspernatione
1003 533 1075 593 ratio·

215 608 257 668 nis
271 607 413 667 eveniunt.
438 607 531 682 itaque
544 607 573 665 in
587 606 746 666 hominibus
758 604 846 664 solium
861 605 1001 666 exsistunt.
1015 608 1076 671 'narn

215 685 308 744 bestiae
328 682 415 742 simile
435 679 568 761 quiddam
589 683 717 750 faciunt,
750 680 797 740 sed
817 681 846 741 in
867 682 1090 761 perturbationes:

168 775 203 837 32
216 779 276 821 non
296 759 432 819 incidunt.
470 760 545 819 Inter
569 771 665 818 acutos
684 768 779 817 autem
806 759 838 818 sic
861 760 954 819 tinter
975 758 1090 822 hebetes=

61 835 150 913 tintet
213 836 360 906 vinterest,
380 835 458 911 quod
468 835 626 912 ingeniofi,
645 847 677 895 ut
691 852 729 892 aes
742 834 922 894 Corinthium
944 836 975 894 in
990 838 1079 914 aerugi·

62 903 155 947 ‘'mm'’
215 929 300 982 nem,
320 912 356 972 src
378 915 417 972 illi
436 915 466 972 in
486 912 617 972 morbum
639 913 670 970 δι
689 909 816 971 incidunt
835 909 965 982 tardiirs,
993 913 1023 970 ἃ
1038 931 1076 972 re·

62 965 472 1074 l{⁴⁶13}imtcreanturocquu
504 990 617 1048 hebetes
647 1005 706 1046 non
726 988 828 1046 ¹item.
869 989 936 1049 Nec
965 986 1074 1050 verbio

60 1091 113 1137 arri.
216 1085 332 1126 omnem
347 1066 479 1126 morbum
505 1083 537 1124 ac
561 1063 796 1141 perturbationem
818 1063 930 1123 animus
948 1062 1073 1140 ingenioi

61 1153 203 1214 1²,ccxvu
216 1144 296 1202 cadit.
333 1161 393 1202 non
414 1136 488 1201 eni'rn
509 1142 618 1200 rmulta
644 1140 755 1199 efferata
781 1141 812 1200 &
831 1140 984 1222 immania:
1004 1158 1073 1228 que·

42 1282 46 1290 ,
61 1227 79 1261 ¹
92 1214 127 1286 ,1³³
134 1216 186 1264 MS·
212 1220 276 1279 darn
285 1232 379 1278 autem
393 1219 568 1279 humanitatis
581 1234 695 1294 quoque
708 1217 810 1277 habent
822 1214 1073 1293 primamspecreur,

59 1277 203 1398 {mprobe
210 1309 242 1354 ut
256 1295 463 1366 misericordia,
486 1296 646 1370 aegritudo,
666 1306 765 1352 metus,
801 1292 1013 1370 AEgrotationes
1031 1310 1071 1352 tu-

59 1401 86 1449 in
96 1355 145 1453 ζὴ,
211 1384 271 1432 tem
298 1372 444 1448 morbique
466 1374 622 1431 animorum
648 1369 780 1429 difficilibs
793 1370 875 1428 evelli
890 1369 969 1445 polle
982 1381 1069 1447 putan-

61 1465 130 1517 Berui.
211 1462 256 1508 tur
282 1447 369 1527 quim
392 1449 499 1507 summa
513 1448 556 1506 illa
571 1447 660 1513 vitia,
680 1463 745 1522 quae
764 1445 909 1505 virtutibus
922 1445 985 1504 sunt
1006 1463 1064 1505 con·

210 1526 298 1584 traria.
336 1525 474 1583 44morbis
488 1524 564 1582 enirn
586 1521 757 1580 manentibus
790 1522 894 1580 erviria
907 1520 1008 1581 sublata
1020 1519 1090 1582 ese·

212 1620 271 1660 non
289 1599 422 1676 possunt,
440 1601 505 1678 quia
527 1616 586 1658 non
607 1611 665 1656 tam
686 1597 809 1656 celeriter
828 1596 959 1658 sanantur
990 1598 1063 1677 quim

207 1678 253 1737 illa
266 1678 407 1736 tolluntur.

164 1753 198 1815 33
248 1752 341 1812 Habes
354 1771 404 1824 ea,
423 1769 487 1829 quae
501 1751 536 1810 de
558 1749 801 1827 perturbationibus
822 1750 969 1811 enucleate
987 1751 1061 1887 diqu-

157 1901 161 1915 ι
208 1841 268 1891 tant
281 1830 383 1902 Stoici,
401 1847 467 1909 quae
480 1828 569 1908 logica
582 1826 738 1904 appellant,
752 1827 817 1904 quia
839 1824 1003 1889 disseruntur
1022 1829 1060 1887 ub

997 1902 1061 1965 ultis.

208 2176 250 2226 tia.
282 2177 374 2227 Prorsus
395 2189 527 2242 repugnat,
558 2175 604 2231 effe
625 2174 745 2241 quandam
765 2171 840 2224 animi
855 2172 1004 2224 insanitatem
1018 2170 1057 2220 &e

207 2257 255 2285 eum
266 2245 372 2287 curatione
381 2243 509 2289 medicorum
521 2244 648 2288 eentrrrbutio
660 2245 734 2287 mentis
744 2238 856 2298 aufertur,
871 2251 930 2285 nam
945 2235 1058 2284 conturbe-

207 2304 243 2349 tio
256 2305 342 2350 mentis
353 2306 377 2352 in
388 2302 462 2352 caussa
473 2303 523 2360 eli,
543 2319 583 2351 eur
593 2303 708 2352 insaniant
724 2303 803 2350 animi.
838 2300 908 2349 Adde
920 2333 928 2356 ,
945 2298 1009 2363 quod
1020 2298 1058 2345 rit·

206 2377 268 2415 tutes
284 2365 403 2426 diespiter
415 2366 533 2431 infipienri
543 2379 676 2430 competere
687 2378 770 2414 monet
781 2364 887 2413 Laiirtius
896 2362 939 2412 lib.
948 2377 994 2410 vrr.
1011 2374 1057 2424 pag.

204 2435 259 2537 ligr.
276 2428 336 2476 inter
348 2442 405 2490 quas
415 2430 490 2493 ripuar
501 2432 577 2493 ψυχῆς
586 2430 653 2493 pouit
663 2427 768 2493 Joannes
780 2427 882 2477 Stobeus
893 2426 977 2491 Eclog.
988 2424 1056 2474 Etbic.

215 2504 287 2539 t.rr.
321 2501 417 2541 a.168.
450 2498 531 2542 Davi.

235 2569 273 2609 4³·
290 2506 362 2601 lireio
370 2560 452 2602 tentore¹
463 2574 502 2603 nun
510 2496 608 2615 deffleat,
622 2567 706 2616 corpere
712 2553 812 2617 puffueut.]
825 2549 864 2599 Est
875 2549 974 2602 fortasse
984 2551 1058 2601 vitium

204 2612 229 2660 in
245 2615 328 2664 ordine
343 2618 474 2668 verborum.
506 2617 552 2666 hoc
567 2618 632 2665 enim
646 2618 713 2666 mulo
728 2615 800 2679 quim
820 2614 940 2675 integrum
954 2612 1058 2665 ciceroni

205 2675 285 2748 nostro
297 2679 386 2728 versum
396 2678 527 2736 effluxiffe3
544 2678 609 2742 quod
620 2681 692 2742 quim
703 2678 813 2728 insoluta
828 2678 939 2728 oratione
953 2690 1020 2742 turpe
1033 2674 1057 2727 it

204 2738 302 2801 rpsernet
313 2743 337 2790 in
349 2749 449 2793 Oratore
459 2743 566 2793 ostendit.
600 2748 626 2792 P.
635 2747 722 2799 Manet.

233 2821 271 2863 44.
288 2807 368 2853 Morbis
378 2812 435 2855 erim
445 2809 645 2853 manentibusvirie
656 2804 741 2866 fiebiatu
756 2806 792 2866 ff
805 2804 904 2867 pristinu]
936 2803 973 2853 Sic
983 2802 1060 2867 legen·

201 2862 276 2922 durn,
296 2883 364 2922 non,
380 2883 405 2918 ut
419 2870 452 2918 est
470 2870 494 2917 in
511 2869 568 2918 libb.
585 2869 622 2916 vul
643 2884 665 2931 g.
685 2871 746 2915 vitia
756 2870 843 2928 fulsere
858 2869 897 2926 effe
915 2884 959 2914 nere
975 2869 1059 2929 poffuet.

198 2926 300 2988 Qrodfi
316 2931 386 2981 codd.
401 2946 458 2983 vett.
473 2931 534 2980 hanc
548 2883 741 2980 emendationem
757 2946 805 2978 non
823 2929 995 2979 confirmarent
1012 2963 1019 2987 ‚
1038 2931 1061 2978 &

200 2991 251 3037 iola
260 2993 320 3040 ratio
329 3008 410 3042 tamen
420 2995 473 3044 satis
484 2994 624 3043 confirmare
634 2993 711 3042 debet.
744 2996 782 3040 vel
793 2993 824 3041 iic
835 2993 1001 3056 reponendum
1012 3027 1020 3048 ,
1038 3004 1060 3041 ut

199 3053 338 3116 adscriptum
351 3058 383 3106 eti
398 3059 427 3107 ad
443 3072 511 3108 oram
526 3057 651 3106 contextis
667 3055 790 3106 verborum
806 3056 954 3107 ciceronise
970 3059 1062 3122 regione

197 3116 329 3172 lruiusloci.
363 3124 461 3170 Lambin.

229 3196 267 3233 45.
285 3186 342 3227 Vr'tte
352 3186 439 3241 sublata
453 3184 489 3244 effe
502 3183 603 3246 γαμῇ]
617 3184 652 3232 Sic
664 3185 724 3232 olim
734 3181 827 3231 edidere
837 3183 989 3234 orambim
1001 3184 1057 3233 ὃιΑ.

202 3245 294 3291 Manut.
310 3258 383 3305 quam
394 3247 521 3295 lesiionem
532 3260 608 3295 ratam
619 3245 664 3295 ess'e
676 3247 737 3303 iubet
750 3252 798 3294 MS.
814 3249 912 3296 Norvic.
935 3247 1060 3297 liecentio⁴

199 3319 252 3358 res,
267 3309 417 3367 viriasublete
426 3310 462 3369 effe
471 3310 558 3370 prffieur.
590 3310 671 3372 inepte
683 3308 788 3372 prorsus,
804 3307 822 3356 fi
837 3310 904 3358 enim
919 3311 999 3361 morbi
1014 3322 1058 3358 uon

198 3379 250 3414 tam
265 3368 369 3438 celeriter
384 3373 492 3420 lunantur
509 3373 583 3433 quim
599 3374 656 3422 vitia
676 3374 810 3426 tolluntur,
841 3369 890 3434 ipsa
904 3388 941 3424 res
957 3373 1058 3425 indicat,

200 3429 288 3480 morbis
299 3432 462 3494 manentibus,
478 3432 633 3487 vitiasublata
643 3434 689 3486 eise
698 3433 770 3500 polle.
802 3436 883 3498 Darii

992 3525 1028 3583 4⁶·
1042 3519 1059 3565 i
