2318 3914
60 398 85 432 m
101 381 144 428 alit·

60 457 120 496 rum.

133 606 201 699 [9

141 898 144 903 ’
210 902 295 960 cium.
333 898 406 957 addo
430 899 514 957 etiam
534 897 623 966 illud,
650 897 735 956 multa
751 897 811 972 jam
833 896 902 954 mihi

208 64 288 192 {432
410 104 473 171 Drr
493 100 701 169 Frusson.
721 116 770 167 ter
793 96 909 165 Mun.

206 215 340 288 ignoras,
367 211 462 286 quanti
484 210 597 269 fecerim
621 208 811 284 Caepionem:
831 207 904 282 qui,
930 216 963 266 ut
985 205 1094 282 opinio

209 308 273 347 mea
288 289 359 358 fert,
377 289 406 345 in
421 287 584 362 principibus
594 285 654 361 jam
669 282 752 353 ellet,
772 281 922 357 fiviveret)
932 285 963 342 &
980 282 1102 343 Lucul·'

207 365 249 425 lus
264 366 332 423 mihi
347 361 464 422 versatur
479 375 542 422 ante
558 362 684 429 oculos,
704 361 746 419 vir
767 358 859 417 mcum
881 359 1015 418 omnibus
1040 377 1091 418 ex-

210 441 327 509 cellens,
347 452 408 499 tum
432 455 546 498 mecum
569 440 599 497 ὅ(
628 434 749 497 amicirii
787 437 817 495 &
838 437 919 494 omni
940 434 1098 498 voluntate-

211 517 399 594 serrtenriique
412 515 584 591 conjundius.

248 592 400 662 Praeclarb,
420 593 526 668 inquit,
546 592 636 661 facis,
656 589 721 651 clim
743 590 774 649 δε
795 606 893 648 eorum
912 589 1091 651 memoriam

210 684 313 739 renes,
339 687 460 746 quorum
489 683 605 743 uterquc
633 667 683 727 ribi
710 667 875 726 testamento
901 663 1005 724 liberos
1027 665 1091 727 suot

211 747 440 816 commendauit,
461 746 622 820 &puerum
637 744 732 819 diligis.
772 741 861 818 Qubd
875 753 972 801 autem
987 751 1091 803 meum

212 841 313 884 munus
326 823 410 892 dicis,
430 839 490 881 non
504 820 636 897 equidem
649 819 760 878 recuso:
781 819 877 878 sedre
899 818 1035 954 ιιᾞίιιιςείιἰ
1048 819 1092 879 so·

942 912 990 955 are
1055 912 1090 956 na

211 993 330 1052 puerum
346 974 516 1050 denuderis,
537 975 692 1050 &ingenii
729 971 776 1031 led
790 984 901 1031 aerarem
916 971 1004 1032 vides.
1034 913 1090 1031 {li-

211 1053 266 1110 dco
283 1050 432 1186 equidem,
451 1051 589 1128 inquam:
612 1049 691 1110 ¹³sed
714 1060 808 1109 tamen
826 1049 887 1125 jam
904 1045 983 1107 infici
1004 1047 1090 1109 debet

211 1130 243 1188 iis
257 1129 306 1187 arti
326 1145 372 1197 us,
393 1143 460 1204 quas
473 1127 518 1196 fi,
531 1127 598 1186 dum
614 1127 652 1188 est
666 1139 761 1194 tener,
781 1124 962 1194 combiberit,
983 1123 1022 1185 ad
1030 1142 1089 1184 ma·

169 1205 271 1281 10jora
288 1205 382 1263 veniet
398 1204 558 1279 ¹4pararior.
599 1203 703 1274 ¹5Sic,
738 1201 907 1280 &quidem
930 1199 1090 1277 diligentius

82 1371 105 1418 1³.
114 1368 189 1416 XCII.

213 1281 384 1356 saepiusque,
399 1279 446 1338 illa
458 1279 607 1356 loquemur
620 1280 691 1339 inter
704 1294 756 1337 nos
770 1296 784 1338 a
805 1287 944 1356 emusque'
954 1294 1090 1337 commu·

213 1360 292 1418 niter.
324 1356 371 1416 sed
390 1354 578 1428 resideamus,
604 1355 716 1433 inquit,
736 1353 757 1413 fi
775 1297 872 1432 pdacet.
910 1354 1008 1432 itaque
1020 1354 1090 1417 reci·

214 1451 306 1570 meisa
326 1508 384 1567 Tu
395 1529 416 1568 rr
436 1528 472 1567 rt
483 1527 549 1568 rt:
571 1507 621 1567 Tu
635 1520 729 1567 autem
745 1549 754 1578 ,
773 1506 838 1565 clim
853 1504 908 1584 ipse
930 1516 1041 1565 tanturn
1055 1506 1089 1567 li·

211 1588 323 1647 brorum
336 1585 434 1644 habcas
450 1627 460 1657 ,
478 1603 548 1662 quos
563 1585 611 1643 hle
631 1583 745 1642 tandem
767 1580 906 1658 requiris?
926 1583 1086 1642 Commen-

212 1662 296 1724 tarios
309 1661 462 1740 quondam,
481 1664 615 1741 inquam,
637 1660 664 1702 ¹⁶
671 1659 860 1731 Aristotelios,
873 1675 946 1749 quos
959 1659 1005 1719 bic
1017 1658 1085 1796 {dien

209 1938 276 1990 petre
284 1927 403 1978 moriente
413 1934 477 1980 Cato
487 1929 558 1987 dicit,
574 1928 636 1979 iilius
649 1927 718 1980 fuerit
728 1929 793 1990 eius,
808 1929 850 1994 qui
861 1928 930 2040 {edit
938 1926 1001 1982 bello
1013 1930 1082 1978 Mar·

213 1987 275 2046 sico,
291 2005 357 2054 pater
365 2005 444 2042 autem
455 1996 520 2054 ejus,
537 2008 611 2056 quem
619 1994 720 2043 Catonis
733 1991 831 2043 fratrem
847 1993 983 2043 Putarclrrts
996 2006 1027 2056 ap
1059 1991 1083 2040 l·

211 2052 246 2101 lat
253 2054 278 2102 δι
289 2056 401 2113 serviliae,
419 2071 469 2118 quae
480 2060 517 2106 M.
529 2063 626 2105 Brutum
636 2069 667 2106 ex
677 2057 753 2121 priore
764 2056 833 2113 vitu,
847 2060 942 2113 Bruto,
958 2006 1084 2105 nuenddn

209 2129 308 2180 puerum
320 2131 349 2166 err
358 2117 498 2180 posteriore,
515 2124 542 2169 L.
555 2119 669 2174 Lucullo,
685 2119 781 2191 peperit.
816 2119 864 2168 uod
876 2116 894 2167 fi
906 2119 942 2169 itu
950 2116 1003 2176 est,
1019 2118 1084 2168 loro·

209 2193 261 2229 rem
272 2179 341 2227 Drusi
350 2180 484 2243 posterioris
495 2184 587 2231 Liviam
599 2182 649 2239 eius
660 2182 780 2245 Caepronis
820 2182 844 2229 io
864 2177 966 2244 nnpfiffe
986 2180 1085 2233 creden·

211 2241 268 2290 dum
279 2243 323 2291 erit
335 2275 342 2296 ‚
359 2245 400 2305 qui
409 2257 464 2292 cnm
474 2241 547 2295 fratre
555 2246 605 2303 ejus
617 2245 642 2292 in
652 2247 758 2306 equiturn
777 2242 853 2292 caussa
866 2243 1035 2296 contenderat.
1050 2245 1083 2295 im

211 2317 313 2367 quatuor
328 2304 451 2368 deinceps,
466 2319 579 2369 perpetuo
594 2307 745 2368 cognationis
759 2306 854 2364 ordine,
870 2307 993 2369 capionis
1006 2321 1083 2363 erunt,

211 2381 296 2415 omnes
312 2368 408 2430 Quindi
424 2371 589 2432 prenomine:
610 2369 717 2432 primus,
743 2371 784 2429 qui
798 2366 880 2418 consul
901 2383 958 2420 cum
979 2370 1084 2422 Cimbris

210 2429 275 2478 male
284 2443 358 2490 remp.
369 2429 437 2495 geffit
449 2447 456 2477 ε
473 2431 545 2489 alter,
562 2432 603 2495 qui
612 2436 698 2483 Scauro
708 2430 772 2479 diem
783 2431 855 2488 dixit,
872 2432 897 2481 δι
908 2430 975 2483 bello
990 2430 1084 2495 sociali,

211 2492 264 2546 vel,
280 2503 305 2539 ut
316 2493 356 2540 alii
367 2495 502 2556 appellant,
518 2496 603 2545 Italico
615 2507 654 2542 ant
667 2492 789 2550 matrico,
806 2494 872 2560 periit
884 2510 891 2541 r
906 2494 991 2546 tertius
1001 2492 1084 2562 ,''qui,

211 2551 279 2618 quod
289 2554 400 2615 equidem
412 2553 495 2614 sciam,
512 2571 629 2621 nusquam
640 2560 791 2613 nominatum
806 2573 846 2607 cur
856 2569 939 2607 tumen
950 2572 1007 2608 eum
1017 2557 1085 2610 inille

212 2616 274 2666 credi
286 2615 356 2678 nollit
367 2618 445 2668 causas
457 2620 565 2670 ostendi:
600 2633 690 2677 uartus,
708 2625 744 2669 M.
758 2621 860 2669 Catonis
869 2619 988 2671 Uticenlie
997 2621 1083 2681 fraer,

210 2682 252 2744 qui
263 2679 353 2737 filiam,
370 2695 394 2730 ur
410 2683 426 2731 a
442 2684 565 2733 Plutarcho
581 2638 690 2746 dapium
708 2681 884 2738 animaduerti,
906 2684 1016 2733 moriens
1031 2686 1083 2736 teli·

209 2744 281 2854 quia}
290 2740 420 2808 adoptato,
436 2759 461 2794 ut
473 2746 589 2804 diximus,
604 2745 741 2795 lurorissuae
751 2745 933 2802 Serviliaefilio,
949 2749 989 2797 tt.
1002 2752 1081 2799 Bruto.

232 2843 238 2856 .
278 2818 338 2856 aaut.

244 2885 280 2924 13.
297 2871 341 2916 Sed
356 2867 417 2928 infici
430 2880 500 2918 tamen
511 2874 562 2931 jam
576 2871 700 2929 dodum]
730 2869 832 2933 Scaliger
849 2867 927 2919 noster
943 2868 1081 2938 adscriplr't,

113 2949 116 2955 ·
155 2968 163 2979 .
209 2933 288 2996 legere
298 2930 334 2988 se,
341 2931 462 2992 scdsuffici.
481 2933 515 2981 Sic
527 2935 612 2981 Cicero
623 2930 762 2983 Hortenfio:
771 2937 812 2980 vti
821 2936 861 2995 qm·
870 2933 960 2980 conbibi
965 2947 1084 3001 purpura

210 2999 282 3050 volet,
291 2994 402 3056 sufficiunt
409 2999 471 3056 prius
481 2999 555 3043 lanam
564 2999 723 3043 medicamentis
734 2995 861 3058 quibusdem
871 2996 915 3048 dre.
934 2998 1032 3050 Gruter.

245 3072 281 3115 14.
297 3061 413 3104 Paraeiar:
426 3058 473 3116 stc,
490 3060 516 3110 d·
527 3060 749 3122 quidem-diligentius
760 3060 816 3117 dyc]
832 3056 967 3108 Emendavi
976 3060 1082 3115 locum}

211 3119 260 3169 Pal.
271 3133 304 3181 pr.
316 3120 341 3166 in
354 3133 403 3180 quo
413 3131 494 3169 tamen
502 3125 601 3184 paratior
604 3121 641 3180 fir.
659 3125 685 3174 de
695 3123 800 3181 quidem:
828 3119 911 3170 Ledio
932 3121 1017 3175 nostra
1031 3128 1083 3183 sen-

212 3183 294 3290 ⁸⁶¹2?ae
309 3183 384 3290 mags
403 3183 501 3243 quadrat
526 3183 599 3246 qu‘am
615 3184 816 3241 Lambinianum,
842 3185 914 3232 nimis
929 3178 1033 3239 licenter
1047 3188 1083 3239 iu·

214 3258 244 3299 ve
268 3259 317 3291 um.
378 3261 417 3292 cnr.

246 3322 281 3360 ις,
301 3310 339 3352 Sic
348 3307 443 3367 equidem
452 3308 598 3370 diligentia]
612 3312 656 3358 Hic
663 3311 761 3375 equidem
771 3309 816 3362 dre.
833 3306 983 3361 scribeu'dum
994 3326 1027 3363 ex
1041 3326 1082 3363 an·

209 3368 279 3433 tiquo
291 3369 379 3418 codice.
412 3372 486 3429 vrfin.

245 3441 282 3484 16.
300 3433 461 3494 Armentiue]
474 3437 511 3487 lta
522 3433 571 3485 Pal.
580 3447 614 3498 pr.
625 3432 752 3499 quomodo
760 3435 786 3487 dt
797 3434 823 3490 in
832 3431 877 3486 suit
886 3436 976 3503 reperit
985 3435 1083 3491 Lanui-

568 3550 571 3555 ,
1033 3514 1083 3553 11118.
