2318 3914
237 110 709 192 hinnulorum,
853 124 934 195 2357

65 231 266 310 suevitjadiare
281 230 365 289 velita
384 228 409 287 le
430 229 519 287 oratio
535 269 543 296 ,
563 240 609 287 tua
630 226 794 303 praesertim,
813 228 861 302 qui
874 229 929 286 stu·

67 308 145 366 diole
158 312 213 367 anti
233 327 266 367 ua
287 307 473 384 persequeris,
494 305 614 367 claris&
636 304 748 361 fortibus
768 302 831 363 viris
848 321 928 364 com·
949 351 952 355 .
1047 308 1050 331 ¹

68 329 272 454 memorandis,
293 400 447 456 corumque
462 381 604 439 faclisnon
619 381 811 441 emolumento
824 380 928 456 aliquo,
972 385 996 436 r.
1017 388 1055 438 8.·

66 459 113 517 sed
128 459 205 536 iplius
220 457 498 526 honestatisdecore,
517 456 654 515 laudandis
669 499 677 523 ‚
697 456 724 515 id
743 468 835 517 totum
848 475 926 517 ever·
1084 530 1086 535 Ι

66 537 132 593 titur
146 555 181 595 eo
195 536 319 596 fdeledln
332 552 442 602 return,
460 551 545 609 quem
560 531 647 590 modo
664 533 717 591 dixi
732 575 741 601 ,
761 533 944 605 conilituto‚l
958 539 1046 595 dilestu

66 624 99 671 ut
113 627 159 670 aut
172 615 324 688 voluptates
339 613 516 677 omittantur,
536 610 672 678 majorum
688 608 859 684 voluptatum
874 607 987 670 adi-⁴15⁶·

67 685 256 762 piscendarum
274 689 350 748 cauli
365 732 373 755 ,
393 701 440 744 aut
452 686 560 744 dolores
573 685 745 762 suscipiantur
760 729 769 758 ,
790 686 927 761 majorum

67 764 198 829 dolorum
215 765 434 840 effugiendorum
444 761 542 837 ¹gratid.
554 818 567 831 „

18 888 23 901 .
108 842 157 899 Xl.
178 841 249 901 Sin
274 860 319 898 nn
340 841 473 914 clarorum
487 838 635 897 hominurn
651 837 726 899 fartis
740 838 877 898 illullribus
899 843 929 899 &

65 915 192 993 gloriosas
213 917 274 991 ‚satis
291 920 346 976 hoc
366 917 430 974 loco
452 915 556 974 didtum
577 914 616 973 fit.
658 915 716 973 Erit
730 916 804 974 enirn
822 916 879 990 jam
896 917 974 994 de37

70 995 201 1056 omnium
218 994 349 1052 virnrtum
364 991 440 1050 cursu
456 990 489 1050 ad
510 992 679 1066 voluptatem
702 992 824 1066 proprius
851 990 929 1051 dille·

70 1069 148 1128 rendi
162 1070 246 1127 locus.
265 1087 339 1128 nunc
353 1082 445 1125 autem
463 1069 620 1142 explicabo,
641 1068 765 1142 voluptas
779 1069 850 1144 ipsa,
865 1078 930 1146 qnae

71 1145 211 1221 qualisque
225 1144 273 1215 srt,
292 1146 446 1207 uttollatur
460 1161 534 1201 error
554 1144 645 1201 omnis
662 1144 850 1218 imperitorum
861 1166 877 1207 :-
889 1149 931 1205 in·

69 1223 257 1297 telligaturque
271 1230 324 1292 e'a,
339 1239 404 1297 quae
425 1220 598 1296 voluptaria,
618 1219 730 1278 delicata
747 1263 754 1286 ,
775 1222 865 1281 mollis
883 1224 933 1281 ha·

70 1297 165 1366 beatur
180 1297 333 1373 disciplina,
352 1297 554 1373 quamgrande,
573 1294 656 1372 quarn
672 1297 833 1366 continens,
847 1300 932 1372 quim

51 1373 163 1438 devera
179 1373 224 1432 fit:
245 1376 391 1433 nonenim
407 1375 478 1431 hanc
491 1370 743 1448 [olamsequimnn
762 1392 826 1450 quae
846 1374 932 1434 suavi·

70 1462 128 1512 tate
141 1450 379 1524 aliquanaturam
400 1449 484 1524 ipram
505 1461 603 1526 movet
629 1451 657 1505 dc
678 1466 742 1507 curn
762 1451 933 1525 jucunditate

71 1526 188 1602 quadam
204 1528 350 1601 percipitur
361 1525 500 1593 sensibus,
526 1523 571 1583 sed
591 1524 740 1583 maximam
762 1526 834 1587 illam
857 1528 934 1585 volu·

70 1615 175 1679 ptatem
189 1604 340 1664 thabenrus
356 1646 364 1669 ,
390 1619 454 1678 quae
481 1601 648 1677 percipitur,
675 1603 753 1662 ornni
775 1603 870 1661 dolore
884 1604 931 1662 de·
940 1622 957 1671 g
972 1619 1068 1656 aremus

71 1679 168 1744 trado,
204 1697 269 1737 narn
283 1682 416 1756 quoniam
432 1677 495 1753 clam
510 1678 647 1752 privamur
662 1675 780 1747 dolore,
800 1679 853 1754 ipia
867 1680 931 1738 libe,
941 1675 1005 1719 ⁶⁸¹⁸·

18 1808 25 1815 .
71 1756 179 1821 tatione
206 1756 235 1815 δι
260 1758 394 1823 vacuitate
409 1754 500 1829 omnis
515 1743 647 1815 molestiae
661 1753 825 1826 gaudemus:
846 1774 933 1816 ornne

71 1831 224 1900 autemid,
245 1850 302 1906 quo
317 1831 485 1907 gaudemus,
505 1828 629 1904 voluptas
650 1826 686 1888 est
703 1872 711 1897 ,
731 1843 761 1887 ut
781 1849 867 1894 omne
888 1835 934 1902 id,

18 1968 22 1973 ,
71 1924 130 1983 quo
145 1904 337 1976 offendimur,
364 1908 466 1965 dolor:
488 1903 589 1963 doloris
606 1905 701 1979 [omnis
722 1907 837 1979 privatio
862 1904 935 1967 redid'

70 1984 216 2046 nominata
231 1983 267 2043 est
283 1985 415 2058 voluptas.
453 1983 495 2047 Ut
509 1981 583 2043 enim
599 1979 661 2037 clun
685 1982 746 2045 cibo
773 1985 801 2041 δι
822 1986 937 2057 potione

67 2059 158 2124 fames
184 2059 289 2135 sttisque
305 2059 412 2134 depulsa
426 2056 480 2126 est,
500 2055 554 2131 ipsa
567 2054 700 2116 detrudio
715 2058 847 2117 molestiae
869 2077 940 2119 con·

70 2134 244 2194 secutionem
258 2133 335 2195 affert
349 2131 555 2210 voluptatis,src
569 2133 598 2191 in
614 2134 694 2211 omni
708 2151 737 2193 te
747 2132 848 2195 doloris
861 2152 942 2200 amo·

71 2212 113 2279 tio
128 2210 327 2270 succellionem'
338 2212 420 2269 efficit
435 2210 589 2284 voluptatis.
773 2227 776 2231 ·

87 2296 101 2325 Ι
111 2287 208 2362 ltaque
222 2306 280 2346 non
294 2288 395 2363 plicuit
418 2286 563 2361 Epicuro,
584 2284 708 2344 medium
729 2284 782 2344 elle
803 2287 932 2364 quiddam
945 2285 981 2362 38

69 2364 143 2433 inter
157 2365 283 2423 dolorem
305 2368 333 2422 &
346 2365 526 2441 voluptatem.
573 2361 641 2420 lllud
657 2365 731 2421 enirn
746 2362 830 2439 ipsum
841 2367 935 2443 ,quod

69 2440 234 2518 quibusdam
255 2440 379 2507 medium
401 2439 532 2508 videtur,
553 2438 579 2493 5⁶
587 2437 652 2506 cum
673 2441 753 2503 omni
773 2440 869 2501 dolore
889 2460 935 2501 ca÷

876 2530 935 2593 ret,
1003 2576 1015 2587 ,

106 2694 143 2746 36·
162 2690 358 2742 tumimidum
368 2692 443 2747 caret]
456 2688 511 2740 Pali
520 2704 604 2742 omnes
614 2703 704 2750 careret,
721 2689 785 2754 quod
797 2691 820 2738 δι
832 2690 856 2740 in
868 2689 934 2741 Mafa

71 2749 120 2801 feo
130 2752 260 2801 inventum.
278 2753 367 2803 Paullus
375 2753 495 2801 Manutius
507 2752 660 2811 conjiciebat,
671 2755 749 2803 litterl
761 2751 846 2802 ultimi
857 2753 934 2802 detra-

71 2814 125 2870 ἃᾶ,
140 2814 280 2875 abieuoque
290 2814 360 2868 verbo
371 2818 558 2878 primote‚›amm'
566 2819 636 2867 dolore
645 2834 720 2866 carere.
738 2814 882 2880 quodipsurn
888 2814 935 2863 sta-
1014 2869 1017 2873 ,

71 2878 119 2925 rim
125 2876 253 2932 Lambinus
259 2878 333 2931 textui
345 2879 432 2930 intulit.
449 2882 514 2927 Grut.
531 2883 679 2942 speraveram
691 2881 786 2930 verbum
798 2877 934 2929 abGrureto
960 2903 966 2915 ·
1096 2884 1099 2891 “

70 2938 179 2997 additum
190 2941 231 2994 iti,
248 2938 304 3001 quid
310 2938 449 2993 censendum
455 2940 510 2989 eilet
520 2940 636 3005 delaltero
646 2942 766 2997 illoomm',
783 2943 862 3003 inquo
872 2953 934 2993 cene

70 3002 181 3059 hutone,
198 3016 272 3063 quum
278 3002 416 3050 Vidiorianae
422 3019 453 3051 eo
462 3002 613 3058 deficiantur,
629 3005 734 3066 legentes
745 3021 791 3050 rum
802 3004 934 3056 omnidolm

69 3068 273 3121 eprafflonmodot-
283 3067 306 3112 δι
318 3063 371 3118 sane
382 3063 413 3115 fic
423 3081 518 3129 quoque
529 3070 579 3114 MS.
587 3080 657 3125 quem
665 3066 828 3117 cummaxime
838 3063 885 3128 ipk
896 3067 934 3114 in·

72 3124 153 3188 spicio,
161 3128 319 3188 &alter‚quo
329 3125 373 3176 fuit
384 3124 435 3176 usus
446 3129 570 3191 patenum
583 3125 698 3191 adlcriplit
711 3129 778 3190 (Pali.
787 3144 936 3179 omnescare·

72 3203 118 3244 rer,
134 3187 370 3244 urunafflibrum,
386 3195 585 3245 notarGruterus:
602 3189 948 3248 undeManutiumconiecill'e'

73 3249 282 3319 ultimidetradid,
293 3252 432 3315 abiedtoque
438 3253 509 3302 vetlro
514 3255 629 3318 primore,
640 3257 858 3304 omnidolmcerrere:
869 3254 935 3318 quod

73 3311 153 3361 ssatim
165 3312 305 3363 Lambinunr
316 3319 390 3364 textui
409 3313 518 3364 inttrliffe.
575 3314 620 3365 nali
632 3317 742 3381 culparet.
776 3325 807 3367 At
820 3321 843 3366 in
856 3317 934 3371 nostra

73 3374 212 3433 membrana
219 3393 267 3427 non
274 3374 395 3435 t'anturnle
413 3380 555 3436 itrncarmt,
579 3380 607 3429 ed
618 3383 689 3429 etiam
703 3382 935 3444 primorisilliusver·

72 3425 99 3499 bi
110 3436 231 3503 vestigium
239 3441 349 3497 nulium}
368 3394 500 3494 utfdubitnn
511 3448 561 3495 rr'on
570 3441 599 3495 iit
610 3477 618 3517 ².
633 3445 691 3512 quin
702 3445 763 3499 teste
775 3443 896 3554 Mannrigs
908 3445 934 3496 δι
