2318 3914
230 71 325 164 ¹2498
441 68 504 137 DE
525 69 615 134 Frn.
637 68 737 135 Bon.
758 83 809 148 Ιιετ
831 46 949 133 MAL-

196 193 231 268 ⁶5
279 178 980 253 XXIV.lsrn'srn1rrnnonsunt‚Cato:
1009 184 1044 243 in
1103 183 1121 231 '·'

239 254 290 314 bus
304 260 429 333 quamvis
444 256 562 317 multbm
595 254 751 327 rocelseris,
769 270 862 319 tamen
877 257 949 317 illud
969 258 1003 317 iu
1024 201 1121 321 cassum

244 332 322 391 causa
336 333 390 403 est,
411 333 426 393 i
440 352 499 411 quo
513 334 564 393 abe
585 352 601 392 ε
615 333 703 403 velis,
723 334 814 395 donec
828 334 953 394 evaseris.
972 352 1033 394 nec
1048 337 1120 398 enim

242 408 288 466 ille
303 409 427 485 respirat,
447 409 511 469 anre
525 410 611 487 quint
633 409 766 480 emerfit,
785 412 815 471 δε
836 411 918 471 catuli
945 410 1034 487 aequb
1056 414 1120 474 caeci

95 509 113 542 n
128 490 215 557 disper.
244 485 401 561 priusquam
415 486 634 563 ¹¹despexerunt,
653 504 686 545 ac
706 486 727 545 fi
748 488 785 546 ita
799 488 882 547 futuri
894 486 1009 561 semper
1031 486 1122 550 essent.

94 558 171 607 uasat.
244 560 289 619 illa
310 562 370 621 sunt
392 563 509 623 finilia:
543 564 627 623 hebes
646 564 719 621 acies
739 562 777 622 ell
802 564 922 639 cuipiam
952 562 1119 626 oculorumr

245 655 362 713 corpore
376 640 441 698 alius
456 640 626 715 languescit:
645 639 675 698 hi
688 642 830 699 curatione
852 637 976 699 adhibita
997 640 1121 702 levantur

95 736 113 770 ο
128 723 213 769 melius
246 714 275 772 in
289 716 363 782 dies,
383 716 449 774 alter
463 716 628 791 valet⁰plus
641 716 793 793 quotidie:
827 714 894 775 alter
908 715 1000 776 videt.
1040 718 1071 778 hl
1090 717 1119 779 fi·

94 788 149 845 toni·
161 785 237 836 Μ·
247 791 326 849 miles
338 791 399 851 seint
412 793 557 863 omnibus,
576 794 624 870 qui
638 793 731 850 virtuti
744 792 865 851 student:
885 791 1020 852 levantur
1034 794 1117 865 vidis,

245 866 370 926 levantur
397 869 540 929 erroribus.
577 868 625 930 nili
647 867 719 927 sorte
740 868 860 927 censeres
882 866 933 928 Ti.
957 868 1115 930 Gracchum
1146 851 1152 946 Ι

244 957 351 1019 patrem
367 964 426 1004 non
438 946 591 1005 beatiorem
622 942 699 1003 suiffe
718 945 802 1021 quim
823 942 938 1013 filium,
966 943 1038 1005 curn
1059 947 1117 1008 alces

245 1020 360 1080 stabilire
373 1022 569 1098 rempublicam
584 1020 731 1087 studuerit,
751 1022 817 1080 alter
837 1034 973 1079 evertere.
1014 1040 1070 1082 nec
1082 1036 1117 1083 tr·

247 1115 313 1155 men
328 1097 373 1156 ille
387 1112 445 1157 erat
457 1098 573 1173 sapiens:
594 1098 654 1174 quis
668 1098 744 1156 enim
757 1094 835 1156 hoc?
853 1108 902 1156 aut
916 1096 1038 1173 quando
1049 1096 1062 1158 l
1075 1110 1116 1160 aut

247 1171 315 1233 ubi?
335 1185 382 1232 aut
397 1173 499 1233 unde?
525 1176 570 1233 sed
584 1176 647 1250 quia
662 1172 784 1233 studebat
802 1172 877 1233 laudi
909 1174 943 1233 δι
967 1172 1114 1251 dignitati,

246 1249 366 1307 multum
381 1252 410 1311 in
423 1252 524 1311 virtute
540 1246 710 1327 processerat.
965 1288 970 1298 -
1158 1294 1159 1298 ,

200 1330 236 1387 66
286 1326 439 1385 s'onferam
458 1339 551 1387 autern
573 1339 680 1385 Pavum
702 1338 781 1383 tuum
799 1366 808 1395 ,
826 1324 951 1385 Drusum
969 1368 978 1396 ,
1000 1344 1067 1389 cum
1086 1327 1117 1389 C.

98 1423 114 1471 p
137 1420 236 1480 avuncu·
248 1403 376 1461 Graccho
390 1405 448 1479 ejus
462 1403 519 1463 sere
534 1404 640 1478 aequali.
678 1419 742 1477 quae
749 1403 800 1466 hic
819 1401 979 1477 reipublicae
1005 1406 1114 1464 vulnero

99 1472 204 1547 sumptu·
251 1479 429 1553 imponebat,
449 1480 547 1539 eadem
561 1480 605 1538 ille
624 1478 739 1537 sanabat.
775 1476 943 1537 sSedrnihil
962 1478 1021 1545 est.
1041 1480 1114 1557 quod

99 1536 210 1644 ”usim
254 1567 312 1614 tam
334 1554 445 1613 miseros
467 1556 548 1615 saciat
572 1554 658 1631 quim
678 1554 803 1629 impietas
829 1553 859 1611 &
872 1552 967 1613 scelus.
1006 1556 1049 1615 Ut
1059 1557 1116 1631 jam

99 1601 156 1662 ‘³⁵¹
210 1630 217 1646 ⁸
251 1648 350 1690 omncs
370 1630 524 1705 insipientes
543 1633 594 1689 sint
614 1628 703 1689 mise'ri
719 1671 727 1698 ,
745 1626 861 1705 68quod
882 1629 1013 1705 profesib
1031 1632 1113 1691 suut:

246 1725 305 1767 non
319 1706 461 1766 esttamen
477 1706 558 1783 seque
573 1708 669 1774 miser,
689 1708 737 1782 qui
756 1706 850 1780 patriae
873 1704 1009 1776 consulit,
1029 1708 1060 1767 δι
1071 1710 1114 1777 is,

245 1784 294 1861 qui
312 1783 386 1841 illam
407 1784 564 1843 exstinetam
585 1785 668 1857 cupit.
693 1783 794 1840 levatio
814 1782 896 1857 igitur
909 1783 1040 1843 vitiorum
1055 1800 1117 1841 ma·

246 1877 301 1992 gnla
316 1858 347 1918 fit
360 1861 407 1929 iis,
422 1862 470 1937 qui
482 1861 583 1920 habent
597 1861 632 1918 ad
646 1860 775 1919 virtutem
790 1857 983 1934 progressionis
996 1859 1118 1938 aliquan-

251 1948 282 1994 iu
294 1953 351 1995 um.

192 2017 236 2086 ‘67
288 2012 377 2070 Vessri
391 2024 484 2071 autem
498 2012 712 2088 progressionem
733 2012 767 2070 ad
788 2012 919 2071 virtutem
942 2010 1004 2071 sieri
1026 2012 1119 2088 ajnnt‚

99 2091 232 2140 rnitrnmn
248 2089 419 2147 levationem
440 2090 571 2148 vitiorum
592 2088 651 2148 sieri
673 2100 783 2163 negant.
823 2089 862 2145 At
879 2130 887 2155 ‚
906 2105 967 2164 quo
988 2099 1120 2151 *utuntur

98 2156 170 2204 ²⁴⁸⁸·
249 2166 378 2222 homines
399 2166 472 2224 acuti
492 2178 655 2239 argumento
676 2166 711 2224 ad
731 2164 929 2240 probandum,
949 2182 1048 2238 operae
1093 2184 1121 2226 c·

99 2228 195 2324 pipp-ntur
248 2240 319 2297 tium
334 2241 371 2297 est
385 2240 563 2299 confidernre.
601 2244 746 2315 Quarum,
765 2240 908 2318 inquiunt,
931 2243 1035 2300 attium
1061 2259 1123 2302 um·

134 2305 165 2389 ἶ»,
186 2346 212 2389 Β,
251 2332 297 2373 rna
311 2316 428 2374 cresccre
442 2317 528 2392 potcll
544 2360 552 2386 ,
572 2336 666 2375 earum
683 2320 765 2375 etium
779 2317 998 2375 ⁸contrariarum
1014 2317 1123 2379 summa

101 2421 113 2453 s
129 2418 222 2454 conna-
251 2395 352 2466 poterit
366 2397 466 2469 augeri.
505 2394 539 2451 ad
554 2396 657 2451 virtutis
670 2407 762 2451 autern
777 2393 911 2452 summam
927 2394 1068 2459 accedere
1081 2398 1124 2456 ni·

100 2468 162 2515 rium
176 2468 229 2539 rtn.
249 2468 287 2525 hil
310 2469 406 2543 potest.
445 2488 481 2527 ne
502 2471 567 2527 vitia
587 2469 699 2545 quidem
721 2470 802 2544 igitur
822 2467 942 2526 crescere
963 2483 1124 2544 poterunt,

101 2544 235 2639 ⁰⁰⁰⁸?ss
252 2562 316 2621 quas
330 2545 390 2601 sunt
411 2546 542 2603 virtutum
566 2548 708 2604 contraria.
749 2543 851 2603 Utrltm
873 2545 955 2620 igitur
977 2546 1125 2618 tandem,

101 2607 154 2641 “¹¹¹¹
188 2610 222 2639 am
235 2626 242 2642 ⁸
254 2621 433 2696 perspicuisne
448 2622 529 2679 dnbio
543 2623 721 2696 aperiuntur,
741 2640 775 2679 an
796 2621 882 2679 dubiis
904 2619 1050 2693 perspicua
1070 2624 1125 2685 tol·

101 2714 230 2763 salinariis
250 2696 366 2755 lunsur?
386 2699 473 2774 Atqui
493 2700 548 2756 hoc
570 2699 741 2773 perspicuum
763 2697 822 2766 cst,
843 2696 908 2755 vitia
922 2696 993 2755 talia
1016 2701 1047 2759 in
1067 2702 1124 2836 alpp's

101 2780 155 2837 conj.
167 2780 241 2828 barsel.
1073 2795 1089 2836 t
1111 2796 1127 2836 ’ἐ

280 2978 316 3017 ss.
336 2972 399 3032 Qnod
409 2971 500 3032 prtsafb
514 2970 584 3028 finit}
613 2970 682 3025 Fuit,
698 2984 751 3016 curn
772 2968 898 3031 legendnm
920 2968 1064 3027 crederem,
1081 2976 1122 3034 put·

245 3034 336 3093 perficio
353 3036 423 3084 (lat.-
445 3034 523 3096 pollen
538 3034 595 3094 qnod
614 3033 700 3080 endem
716 3031 791 3079 morlo
807 3051 818 3078 a
843 3033 960 3078 Cicerone
981 3032 1121 3096 usurpatum

248 3096 371 3158 comperi,
387 3108 504 3159 oreppo.
521 3096 551 3143 ad
563 3095 705 3143 strunium
716 3095 756 3145 lib.
769 3110 831 3142 xrrr.
852 3098 881 3140 Si
896 3096 943 3139 ulia
959 3110 1010 3141 mea
1026 3100 1086 3157 apud
1101 3111 1122 3143 te

247 3162 398 3204 «st-asaradan}
410 3164 500 3204 unitor:
517 3162 573 3218 quor!
585 3161 628 3217 fiio
639 3175 718 3204 rrtnttus
727 3161 846 3220 plurimum
856 3158 968 3216 vasuslsc:
983 3161 1024 3205 hat
1038 3174 1062 3205 ul
1077 3176 1124 3206 va·

248 3225 291 3267 lens
308 3238 362 3279 roro.
396 3221 486 3269 bodens
499 3222 573 3268 modo
587 3223 677 3268 locotus
687 3222 719 3268 est
730 3222 759 3268 ad
772 3227 822 3269 Atr.
835 3220 900 3283 eprsl.
912 3219 1001 3269 ultima
1015 3220 1069 3270 libri
1081 3236 1118 3270 rx.
1158 3271 1159 3274 ,

247 3289 278 3332 Et
290 3284 319 3330 nd
326 3283 426 3331 eundem
437 3301 473 3347 ep.
486 3304 507 3341 4·
530 3285 570 3333 lib.
581 3299 603 3333 tr.
627 3284 702 3331 Caesm
720 3285 791 3331 etiarn
804 3282 844 3331 lib.
858 3299 876 3330 1.
894 3287 995 3331 comm.
1008 3282 1039 3331 de
1049 3283 1118 3331 Bello

248 3349 301 3398 civ.
319 3351 452 3416 ¹Reperiebat,
469 3348 559 3407 inquit,
575 3349 713 3409 inquirendo,
728 3350 784 3411 quod
799 3349 886 3393 mnium
899 3345 958 3409 fugo
969 3349 1120 3410 pressitque·

1153 3427 1157 3450 Ι

1024 3481 1062 3533 sp.
1075 3475 1121 3525 no
1154 3471 1158 3528 i

246 3410 299 3469 'stris
309 3411 394 3470 advrrfi
403 3410 417 3459 It
430 3414 560 3473 Dumnorige
565 3410 651 3471 fossum
660 3412 714 3473 1522.
748 3414 772 3465 Γ,
782 3415 877 3465 bsaout.
