2318 3914
197 106 386 171 Linus
427 105 740 188 Quantus.
831 118 922 189 2327·

48 222 82 281 te}
121 236 189 280 nam
202 229 250 279 aut
262 218 391 279 rStoicus
405 217 585 279 constituatur
598 216 724 294 sapiens,
750 230 797 279 aut
810 223 932 289 vetunt
952 224 1059 281 stum

48 296 214 359 leademiae.
252 307 402 372 utrumque
416 313 475 355 non
490 293 588 370 potest.
625 295 663 357 est
678 293 754 355 enim
767 297 839 371 inter
860 288 1052 360 eosfflfi‘lm·

48 392 98 434 ton
112 374 149 434 de
162 373 354 445 terminis,sed
369 372 405 432 de
418 384 478 432 tota
533 368 656 433 ffeffione
670 375 826 434 contentio.
843 352 1049 470 ”mimen-

48 453 132 515 tmnis
145 452 214 513 ratio
227 451 294 510 vitae
307 449 471 510 definitione
495 449 587 509 ummi
599 448 667 510 boni
680 451 853 517 continetur:
874 454 911 515 de
918 479 1024 536 mmm
1046 474 1050 480 ·

48 545 92 606 pua
128 530 155 588 ui
171 527 314 596 diffident,
333 528 369 586 de
382 528 463 597 omni
476 527 584 586 ratione
599 527 665 587 ritae
682 526 823 603 diffident.
852 546 971 599 annuit.

48 547 127 669 oteii
139 606 222 681 igitur
245 618 364 680 uterque
386 602 440 664 effe
463 603 591 680 sapiens,
610 604 746 681 quoniam
767 617 912 685 tantopere

48 676 216 752 iffentiunt,
235 680 282 741 sed
296 681 370 740 alter.
407 681 431 741 sr-
447 681 634 743 Polemoneus
656 694 753 757 peccat
779 681 911 757 Stoicus,

48 759 75 819 ei
91 758 165 817 salsae
180 754 340 826 lisentiens;
362 776 411 819 vos
432 757 547 832 quidem
569 758 637 817 nihil
658 757 746 817 dicitis
761 755 778 816 i
792 758 912 836 sapiente

48 853 100 895 am
115 837 240 894 alienum
254 831 326 893 effe:
346 833 384 893 sin
399 852 463 893 vera
477 834 537 895 sunt
548 832 686 902 Zenonis,
707 834 806 895 eadem
819 838 848 895 in
865 856 915 897 ve·

48 928 117 971 teres
125 910 312 991 Academicos
320 911 567 988 Peripateticosque
580 910 705 973 dicenda
724 921 753 965 77
761 912 819 971 Hic
832 915 916 991 igitur

48 988 136 1047 teutsi
155 984 184 1041 78
193 983 333 1045 assentiens
346 987 402 1046 79ii
416 1006 589 1065 numquam,
608 1001 669 1047 uter
682 986 720 1047 est
732 988 917 1064 prudentior?

79 1062 180 1137 Quid,
200 1062 263 1123 ciam
276 1063 330 1138 ipse
345 1066 499 1123 Antiochus
513 1062 631 1123 dissensu
643 1065 806 1140 quibusdam
828 1069 857 1127 in
872 1086 914 1127 re·
928 1069 979 1132 133

48 1158 92 1198 tus
105 1140 139 1197 ab
152 1140 199 1208 iis,
239 1157 289 1197 uos
301 1140 519 1210 amat,Stoicis?
538 1159 634 1200 nonne
648 1142 750 1201 indicat
764 1160 823 1202 non
834 1144 910 1220 posse

48 1216 86 1275 lla
101 1158 259 1290 ²probania
272 1212 325 1275 effe
339 1215 472 1291 sapienti?
492 1218 584 1277 Placet
598 1217 717 1288 Stoicis,
736 1219 831 1279 omnia
845 1238 909 1295 pec·
919 1232 938 1289 ²,
955 1210 1065 1278 probabi-

48 1303 103 1351 :ata
114 1288 172 1349 elle
188 1280 267 1366 paria.
300 1305 327 1351 at
341 1293 398 1350 hoc
412 1294 557 1369 Antiocho
571 1293 809 1352 vehementiflinri
823 1296 912 1373 displi-
921 1280 954 1328 ¹¹²
974 1280 1063 1326 Mare.

48 1380 96 1425 zet.
134 1369 215 1426 liceat
228 1367 342 1431 tandem
356 1369 425 1429 mihi
438 1369 625 1435 considerare,
645 1384 735 1428 utram
749 1370 912 1433 sententiam

48 1442 146 1521 'equan
184 1442 361 1515 80Praecide,
380 1446 486 1523 inquit:
506 1445 592 1505 statue
605 1446 753 1523 aliquando
772 1448 918 1586 quidlibet5

155 1542 157 1555 ·
836 1542 912 1601 qur.

48 1670 144 1720 ltoims.
175 1671 424 1735 hannoniensis,
444 1673 574 1739 adiungat,
596 1673 662 1737 quod
678 1672 710 1723 air
726 1678 809 1723 Sextus
825 1675 911 1726 dehoc

48 1734 170 1783 Antiocho
181 1736 225 1783 clici
236 1734 356 1787 solitumi
367 1737 468 1794 Grecis,
484 1738 510 1786 in
520 1735 649 1786 Academia
658 1752 713 1787 eum
723 1739 800 1787 Stoica
810 1739 915 1801 philoso-

48 1796 121 1860 phari.
153 1802 181 1845 ln
191 1812 237 1862 qua
247 1797 419 1863 significatione
430 1798 506 1865 legisti
516 1799 556 1850 lib.
568 1815 599 1849 11.
616 1799 647 1847 de
658 1798 761 1851 Officiis:
777 1804 820 1857 Sed
830 1821 867 1849 uos
876 1822 915 1850 ve·

48 1863 68 1906 ra'
71 1862 136 1918 juris
140 1876 283 1924 germaneque
292 1864 379 1923 justitie
385 1865 480 1923 solidum
489 1877 552 1926 utque
560 1865 672 1925 expressam
684 1863 771 1922 effigiem
781 1867 864 1912 nullum
873 1869 917 1914 ha·

48 1925 125 1972 imur.
143 1927 169 1971 δι
180 1923 212 1972 sic
222 1927 293 1974 utitur
303 1928 328 1974 in
340 1927 399 1974 locis
410 1924 461 1973 aliis
471 1940 535 1989 pene
546 1925 651 1975 infinitis.
684 1930 709 1974 Ρ.
718 1928 791 1975 fener.

78 2000 118 2041 77.
135 1991 180 2032 Hic
188 1990 256 2049 igitur
270 1992 340 2035 neutri
356 1988 481 2048 offertione,
497 1989 519 2046 fi
533 2004 642 2057 nusquam
657 2001 704 2036 uter
718 1988 746 2048 est
758 1991 917 2052 prudentiori]

48 2047 165 2098 Hic-nihil
193 2065 242 2097 acne
253 2051 387 2100 addendum
398 2066 436 2099 aut
447 2049 618 2101 detrahendum
628 2049 719 2100 censeo.
745 2050 839 2101 tantiam
850 2053 917 2103 litte·

48 2124 98 2159 rant
110 2128 120 2157 t
131 2064 215 2160 cerrito
226 2115 288 2162 male
298 2112 346 2162 esse
354 2115 491 2176 repetitam,
507 2128 537 2162 ex
548 2113 595 2163 fine
605 2113 721 2179 participii
729 2114 851 2173 offensione,
866 2129 891 2164 ut
903 2120 915 2164 e·

48 2173 166 2231 adiectam
183 2175 218 2222 illi
234 2194 245 2221 e
261 2174 332 2225 simili
347 2176 417 2225 iustu
430 2177 513 2226 litterae
528 2175 652 2241 sequentis.
687 2181 750 2240 Ergo
763 2175 794 2225 fic
804 2176 914 2240 scriptum

48 2236 87 2285 hic
97 2237 166 2285 fuisse
176 2253 226 2285 nou
236 2238 348 2288 dubitem.
367 2242 409 2287 Hic
418 2243 485 2302 igitur
493 2245 564 2287 neutri
573 2243 681 2350 ‘l'ffimi‘m
692 2254 809 2304 numquam
824 2254 871 2288 uter
886 2241 916 2303 est

48 2301 191 2361 prudentior?
207 2315 254 2349 uter
267 2305 310 2351 erit
320 2302 419 2366 simplex
430 2319 473 2366 pro
487 2316 620 2363 comporto
632 2318 736 2365 uterque,
753 2316 791 2351 aut
808 2305 913 2362 uterina,

49 2377 103 2410 non
114 2364 182 2411 aliter
193 2378 220 2411 ac
230 2366 286 2413 citat
297 2381 327 2414 ert
337 2365 415 2415 edisio
424 2368 529 2416 Praetoris
540 2366 615 2415 Verris
626 2367 650 2414 in
660 2365 701 2416 lib.
709 2381 727 2415 r.
744 2366 918 2422 Accusationirt
964 2414 965 2419 ,

48 2431 108 2471 Inter
119 2440 222 2472 oratorem
231 2431 257 2479 ss
268 2430 406 2479 decumanum
416 2430 437 2488 fi
451 2444 497 2477 uter
511 2430 566 2476 velit
580 2429 643 2476 edicit
655 2431 678 2488 se
693 2442 842 2490 recuperatores
850 2432 919 2478 datu·

49 2505 107 2537 rum.
135 2490 247 2599 &ffaulo
262 2491 332 2553 post:
354 2496 382 2540 Si
396 2507 442 2539 uter
456 2496 526 2547 valer,
542 2493 761 2554 recuperaturrtdabr.
788 2497 824 2540 'Et
842 2494 915 2556 paulo

50 2552 122 2598 etiam
134 2567 166 2614 po
187 2589 192 2600 .
210 2552 247 2600 sed
258 2567 335 2602 utrum
346 2552 379 2603 it'a
390 2553 475 2617 sctipfit
487 2590 494 2610 ‚
508 2554 584 2611 fiuter
593 2557 670 2611 volet,
685 2569 733 2611 an,
750 2555 770 2612 fi
788 2557 914 2608 &rumonus

50 2617 108 2661 nolet
122 2624 133 2661 ,³
150 2621 227 2678 Quare
242 2618 266 2663 in
276 2617 397 2666 Pandestis
408 2618 454 2665 illis
464 2619 605 2667 Florentinis
617 2650 624 2674 ‚
645 2619 710 2680 quod
718 2615 830 2682 scriptum
840 2618 873 2665 est
884 2633 915 2668 ex

51 2679 124 2725 Paulo
135 2679 161 2726 in
173 2679 244 2726 ritulo
254 2678 283 2726 de
299 2681 412 2729 Divoniis
424 2682 449 2728 &
464 2680 578 2744 Repudiis
590 2696 597 2726 ε
614 2684 738 2727 Dirimirur
752 2685 916 2728 matrimonium

49 2741 159 2796 divertio,
172 2748 391 2803 morte,cepte'vitotr,
403 2744 439 2789 vel
448 2747 495 2790 ulra
504 2749 629 2806 contingente
636 2745 741 2801 sevitute
750 2747 822 2791 utrius
832 2760 913 2803 erruru,

52 2803 112 2851 nihil
130 2803 163 2851 est
180 2804 245 2865 quod
257 2805 365 2854 homines
376 2804 562 2866 dosiileiiciant.
596 2810 622 2854 P.
633 2809 707 2854 fabere

80 2876 120 2915 78.
136 2867 285 2926 ,Affrutr'ensfi
295 2885 417 2932 nunquam,
427 2880 473 2915 uter
482 2869 510 2928 est
523 2870 664 2931 prudentior?
676 2877 685 2928 ]
699 2867 768 2916 Nihil
780 2869 860 2925 juvant
872 2883 917 2916 no·

50 2927 101 2985 ssei,
115 2928 280 2990 nisiquatcnus
291 2930 333 2981 sec.
342 2931 560 2990 habeto'ffentirnte13
580 2935 604 2980 δι
616 2945 676 2986 uter,
690 2930 801 2994 scriptum
816 2944 840 2978 ut
860 2945 915 2996 carm

50 2993 140 3055 virgula
155 2993 318 3054 superjacente.
342 2999 364 3043 P.
379 2995 618 3049 marturianenses,
634 2996 755 3053 offerrietis.
774 2994 808 3049 fin
818 2997 915 3057 utrique,

49 3069 96 3101 ater
107 3058 152 3106 &a
171 3069 227 3103 narn
237 3057 348 3104 Lambini
363 3056 507 3110 hariolatio,
521 3057 693 3119 interponenris
704 3071 749 3105 tres
764 3069 864 3121 quatuor
873 3071 917 3105 vo-

49 3132 106 3171 ces,
123 3116 213 3180 prorsus
224 3116 354 3167 miseranda
365 3118 404 3167 est.
423 3122 511 3168 Gruter.

83 3196 120 3233 79.
139 3184 166 3226 Si
176 3198 270 3236 unquam
281 3196 327 3229 uter
341 3182 368 3239 fir
374 3183 456 3244 fiapirus
466 3184 522 3239 syn]
553 3183 632 3229 Multa
643 3181 684 3230 lric
695 3194 761 3231 etant
778 3196 791 3229 a
809 3181 919 3245 scriptore

48 3242 147 3290 librario
160 3258 300 3306 properante
311 3257 382 3307 atque
399 3242 463 3292 aliud
477 3257 562 3308 agente
578 3244 742 3303 praetermissa,
758 3258 809 3308 que
825 3259 872 3308 ego
888 3258 919 3292 ert

48 3302 117 3353 sensu
127 3306 248 3355 Ciceronis
260 3311 284 3356 ic
295 3307 410 3356 sententia
422 3306 489 3363 huius
501 3308 548 3357 loci
560 3306 664 3366 restitui,
680 3324 730 3357 non
745 3307 795 3359 fine
811 3322 858 3371 ope
878 3321 920 3355 co-

48 3367 131 3417 dicum
142 3368 357 3435 manuscriptorum.
392 3372 516 3419 Lambinus.

82 3439 121 3481 80.
136 3434 241 3491 Pruridr,
256 3437 350 3500 iniquia]
362 3436 410 3485 eal.
418 3450 454 3499 pt.
461 3437 510 3499 ptri
519 3434 545 3482 dr
555 3437 634 3499 iuquit.
651 3434 693 3486 sec.
703 3435 796 3499 ,preside
805 3434 922 3542 quidsibffi

851 3512 888 3561 qur
910 3530 916 3542 .
