2318 3914
199 124 390 189 Linea
434 102 773 193 Sec'uunus.
852 142 936 213 2379

63 228 138 294 dicat
153 228 206 290 esse
226 231 366 291 summum
388 228 520 295 bonum,
541 226 598 303 qud
619 240 698 304 putet
719 232 814 291 omnia
840 236 936 295 referri

63 306 217 386 oportere?
237 308 364 376 Teneo,
384 306 490 381 inquit,
509 304 594 362 finem
609 306 646 365 illi
667 304 777 376 videri,
796 310 862 369 nihil
884 310 937 369 do-

64 386 132 444 lere.
170 383 267 461 Quid?
286 385 364 442 idem
378 382 426 441 ille
441 381 476 439 de
491 380 632 454 voluptate
647 381 714 457 quid
727 380 825 441 sentit?
845 386 939 462 Negat

67 459 122 521 effe
138 479 216 530 eam,
236 461 327 537 inquit
343 500 351 526 ‚
371 470 484 532 propter
495 455 607 530 seipsam
623 456 816 532 expetendam.

105 538 190 598 Aliud
203 538 286 614 igitur
299 533 354 593 else
370 533 461 591 censet
472 533 593 609 gaudere
602 533 692 601 ,aliud
706 550 765 592 non
780 535 882 595 dolere.
900 538 965 608 Et9

65 615 206 693 quidem,
232 613 348 687 inquit,
376 610 557 669 vehementer
577 623 657 668 errat.
696 627 781 679 nam,
802 625 832 670 ut
845 616 937 687 paullo

65 690 130 750 ante
145 691 248 757 docui,
268 685 404 763 augendae
419 685 565 761 voluptatis
577 685 638 743 sinis
664 685 702 743 est
731 686 832 747 doloris
846 692 937 749 omnis
1099 754 1102 759 ,

64 770 184 827 amotio.
223 765 309 822 ΙΝοιι
324 762 434 831 dolere,
453 763 593 839 inquam,
612 760 682 821 istud
703 780 787 839 quam
810 766 868 823 virn
889 756 957 824 ha·¹
973 760 1035 808 Tum

64 844 130 903 beat
157 842 251 918 postea
274 840 385 898 videro:
419 837 499 899 aliam
521 836 589 896 vcro
617 840 676 897 vina
699 840 847 916 voluptatis
868 822 1079 930 esse,'}⁰¹¹M⁸⁸·

66 922 150 979 aliam
164 918 233 977 nihil
246 915 374 986 dolendi,
393 914 442 975 nisi
457 913 536 973 valde
550 915 673 989 pertinax
681 916 782 986 fueris,
802 920 939 978 concedas
949 896 1028 993 §¹22¹
1039 899 1092 991 Ἓξ

65 993 180 1056 necesse
200 993 245 1052 est.
282 993 369 1069 Atqui
389 993 530 1067 reperies,
550 992 663 1066 inquit,
681 993 710 1051 in
737 994 794 1052 hoc
822 994 939 1071 quidem
948 1010 1013 1056 mit.

67 1074 249 1148 pertinacem.
287 1069 340 1127 dici
354 1071 429 1128 enim
443 1068 512 1127 nihil
522 1068 611 1142 potest
624 1070 723 1129 verius.
763 1068 846 1129 Estne
880 1089 940 1129 uae-
966 1076 990 1122 e.
1007 1072 1092 1120 val.

67 1149 119 1218 so,
139 1149 268 1225 inquam,
288 1146 386 1207 sitienti
400 1147 429 1205 in
445 1144 565 1203 bibendo
579 1143 733 1220 uoluptas?
760 1148 831 1223 Quis
851 1090 937 1219 ilud,

69 1226 185 1301 inquit,
211 1220 297 1299 posset
316 1239 424 1298 negare.
462 1221 630 1291 Eademne,
652 1223 766 1310 inquam
784 1266 793 1292 ,
813 1242 878 1311 quae
899 1244 943 1285 re·

70 1301 168 1360 stinsta
187 1298 255 1359 liti?
296 1299 393 1357 Immo
414 1297 467 1356 alio
495 1314 604 1372 genere.
643 1298 767 1358 resimdla
788 1316 864 1359 emm
886 1301 940 1361 sitis

70 1377 240 1437 stabilitatem
254 1376 402 1451 voluptatis
415 1375 513 1443 habet,
528 1376 632 1450 inquit:
649 1375 693 1434 illa
708 1391 800 1435 autem
816 1379 942 1454 inluptas

70 1452 153 1530 ipsius
170 1453 349 1513 reslinstionis
380 1453 409 1511 in
431 1462 512 1509 motu
527 1450 573 1510 est.
614 1453 673 1509 Cur
686 1453 790 1526 igitur,
809 1455 943 1531 inquam,

69 1548 113 1590 res
126 1545 184 1589 tarn
198 1530 334 1589 dissimiles
348 1528 451 1588 eodem
465 1528 582 1586 nomine
596 1528 733 1603 appellase

111 1607 190 1683 Quid
203 1607 294 1682 paullo
308 1605 389 1674 antis,
408 1605 513 1680 inquit,
534 1604 669 1673 dixerim,
689 1623 785 1665 nonne
813 1608 992 1666 memini-10

73 1683 126 1752 sii,
146 1682 209 1742 tum
224 1683 316 1742 omnis
329 1682 410 1741 dolor
422 1680 556 1739 detrasius
572 1679 637 1739 elset
653 1723 662 1749 ‚
683 1684 778 1741 variari
794 1725 802 1751 ‚
823 1702 882 1743 non
896 1703 946 1743 au-

73 1760 133 1836 geri
149 1756 342 1835 voluptatem?
362 1757 485 1815 Memini
499 1755 584 1825 vero,
603 1759 727 1833 inquam.
765 1759 811 1818 sed
832 1773 863 1817 tu
877 1760 944 1819 istuc

73 1836 171 1895 mdiuti
184 1836 256 1894 bene
271 1833 389 1902 Latind,
409 1849 506 1908 parurn
522 1832 609 1907 plane.
649 1836 764 1893 varietas
777 1836 852 1893 enim
868 1838 944 1895 Lati·
954 1829 1074 1909 mudlxlsti

74 1931 145 1975 num
160 1914 276 1971 verbum
297 1910 359 1980 cst,
378 1910 462 1985 idque
483 1907 592 1983 proprie
615 1909 729 1984 quidem
753 1914 782 1969 in
801 1912 945 1987 disparibus
954 1898 1006 1946 “⁸⁸⁰

74 1990 213 2050 coloribus
227 1988 341 2046 dicitur:
362 1985 407 2044 sed
420 1985 577 2043 transfertur
589 1986 617 2043 in
631 1987 717 2044 multa
739 1987 858 2062 disparia.
897 2006 946 2049 va·

73 2068 147 2126 rium
162 2070 283 2141 poema,
304 2063 377 2120 varia
392 2063 498 2127 oratio,
518 2060 584 2119 varii
599 2079 708 2131 mores,
729 2066 802 2123 varia
822 2060 947 2141 fortuni,

73 2143 202 2216 voluptas
216 2142 289 2199 varia
304 2140 388 2197 etiam
403 2137 458 2195 dici
471 2135 555 2206 solet,
577 2136 641 2195 clam
656 2141 803 2215 percipitur
816 2157 851 2199 ex
874 2138 947 2199 rnul-

73 2222 108 2279 tis
123 2217 290 2277 diffimllibus
304 2216 398 2287 rebus,
419 2226 434 2255 1²
443 2212 577 2273 dissimiles
591 2215 769 2276 efficientibus
782 2217 949 2293 voluptates»
958 2244 975 2278 n
990 2224 1089 2277 diffini·

75 2293 184 2355 Eamn
204 2294 365 2353 varietatem
387 2292 513 2360 diceres,
533 2292 736 2366 intelligerem,
757 2306 803 2362 ut,
826 2296 945 2354 ¹¹etiam
957 2290 1070 2342 literalis·-

76 2390 139 2432 non
154 2370 263 2429 dicente
276 2382 331 2438 te,
351 2368 483 2443 intelligo.
524 2367 571 2426 ista
593 2371 706 2428 varietas
725 2386 790 2445 quae
823 2369 856 2429 sit
886 2390 947 2433 non

76 2448 138 2509 satis
152 2446 302 2523 perspicio,
321 2444 399 2521 quod
413 2445 473 2514 ais,
494 2443 558 2502 cim
581 2443 678 2503 dolore
699 2463 864 2516 careamus,
883 2460 945 2508 tum

76 2527 107 2585 in
121 2524 228 2583 summa
242 2521 385 2596 voluptate
399 2538 451 2579 nos
464 2519 517 2578 else
533 2541 540 2578 ι
562 2520 626 2579 clam
647 2534 740 2580 autem
762 2524 905 2582 vescamur
916 2524 950 2583 iis

79 2602 178 2671 rebus,
197 2616 262 2674 quae
277 2598 387 2657 dulcem
404 2609 514 2655 motum
529 2597 643 2657 afferant
655 2598 794 2668 sensibus,
814 2613 874 2658 turn
896 2597 951 2659 else

78 2679 108 2737 in
125 2690 208 2737 motu
221 2675 391 2751 voluptatem
402 2692 483 2749 ,quae
497 2676 577 2732 faciat
591 2676 751 2733 varietatem
765 2675 950 2752 voluptatum:

78 2754 205 2813 sednon
225 2754 319 2827 augeri
339 2752 412 2809 illam
434 2768 493 2808 non
514 2750 627 2809 dolendi
646 2752 827 2828 voluptatem.
865 2768 952 2828 quam

79 2848 130 2890 cur
145 2830 318 2903 voluptatem
333 2827 449 2903 appelles
468 2827 570 2886 nescio.

119 2907 172 2966 IV.
192 2907 248 2963 Au
269 2922 442 2973 nonest,
461 2905 551 2981 inquit
565 2904 628 2973 ille,
647 2903 800 2981 quidquam
819 2900 873 2961 elle
892 2901 1001 2965 sua-11

82 2985 143 3043 vius
156 2980 243 3060 qulrn
259 2981 327 3040 nihil
340 2978 454 3037 dolere?
474 2979 569 3038 Immo
584 2981 616 3038 srt
629 2978 692 3037 sane
706 2980 774 3041 nihil
787 2979 947 3048 melius,in·

81 3078 169 3137 quarn
189 3057 330 3135 (nondum
352 3059 429 3115 enim
451 3055 479 3114 id
499 3057 608 3133 quaero)
628 3072 698 3116 num
718 3069 861 3133 propterea
874 3056 952 3116 idem
998 3082 1001 3086 ·

900 3150 953 3193 vo·

123 3356 159 3393 rr.
176 3344 250 3391 Etiam
261 3343 452 3403 novissimma]
466 3348 547 3407 Quum
556 3343 581 3392 in
592 3342 735 3395 membranis
747 3342 790 3393 suis
801 3355 867 3408 patet
883 3355 970 3411 nega-⁸

85 3405 163 3455 tivum
176 3420 226 3455 non
237 3421 260 3455 re
277 3405 470 3471 eriret‚suspicari
481 3407 568 3471 incepit
578 3404 883 3473 scripsisse'sullium,eriam
895 3407 957 3452 indi·

84 3482 157 3531 cmre,
172 3482 250 3535 supro
278 3470 712 3534 nurinuatisaduiviumixmsa·
745 3474 846 3522 Grumu-

500 3542 563 3587 Nan
580 3554 634 3591 een
651 3556 666 3588 a
685 3555 699 3590 a
883 3547 928 3582 aa.
943 3529 993 3579 διὰ
