2318 3914
199 120 763 220 'L''1nnthsnrus.
825 153 925 220 t2313

50 248 97 320 la,
115 248 223 311 srvera.
262 252 338 328 plura
352 252 427 311 enim
443 266 509 306 veta
522 244 697 324 discrepantia
711 246 764 307 ell'e
785 265 844 307 nort
858 249 922 324 pos-

51 324 122 386 sunt.
142 326 243 387 Utrum
258 329 340 404 igitur
354 345 406 386 nos
419 322 626 400 rimpudentes,
646 326 695 400 qui
707 324 760 384 labi
774 324 942 405 nolumusrr
957 330 990 406 il
1003 330 1057 385 Mt.

51 418 88 461 an
101 402 138 462 illi
159 414 340 481 arrogantes,
365 404 414 480 qui
434 401 481 460 srbi
502 399 699 475 persuaserint,
718 399 783 459 scire
802 400 829 461 se
849 400 919 463 solos
929 395 971 440 ⁴²¹⁸
983 406 1030 442 ¹¹¹¹·

52 479 168 539 omnia?
188 482 257 540 Non
281 498 328 539 me
349 478 488 555 quidem,
507 477 614 552 inquit,
632 476 677 535 sed
691 475 841 551 sapientem
855 454 995 541 dicopmd·

49 550 125 614 scire.
167 555 302 631 Optimd:
323 554 426 632 nempd
439 554 486 612 isla
500 553 584 623 scite,
602 569 667 628 quae
681 551 741 611 sunt
760 553 789 611 in
809 563 856 615 tua
870 554 921 614 dis-

50 630 158 705 ciplina.
198 635 266 691 Hoc
281 630 400 707 primum
415 630 494 707 quale
509 629 546 689 est
566 672 574 699 ,
595 626 684 687 iinon
702 627 820 703 sapiente
835 631 920 705 epr·
955 664 960 669 ·

50 708 106 763 cari
119 706 301 783 sapientiam?
321 706 365 768 sed
379 705 546 768 discedamus
560 703 582 763 d·
591 703 790 780 nobismetipsis
806 724 812 763 :
833 704 868 764 de
881 706 921 766 sa·

49 781 148 918 psenpp
159 784 323 917 loqpamur:
344 785 449 862 dequo
465 783 507 859 (ut
517 783 588 858 saepe
599 783 659 857 jam
674 780 742 855 dixi)
759 781 919 871 omuisphaec

73 876 117 917 uae
140 877 230 918 roe.
553 878 565 891 ‘

51 875 71 934 q
93 935 126 992 ln
141 947 194 994 tres
208 938 289 1012 igitur
302 946 389 1012 partes
403 935 461 997 &d
494 935 611 1011 serisque
626 936 674 994 ⁸&
688 933 704 993 d
720 933 920 1011 nobismetipfis
935 930 988 988 1¹6

49 1009 188 1070 distributa
200 1011 326 1093 sapientia
341 1015 385 1072 cll.
405 953 525 1088 ptimbm
540 1028 629 1087 ergo,
652 1010 672 1068 fi
686 1011 791 1086 placet,
810 1013 918 1087 quaede
929 1007 981 1078 ἰὰ
992 1022 1038 1057 ¹²⁰·
1063 1066 1066 1075 .

51 1098 148 1146 natura
162 1105 252 1147 rerum
265 1089 327 1149 sunt
338 1091 468 1166 quaesrta,
488 1087 646 1147 videamus:
667 1087 742 1146 velut
755 1088 916 1150 illudtante.
925 1065 1070 1182 &sb-&⁸³⁶

50 1158 133 1220 Estne
148 1165 289 1239 quisquam
302 1178 380 1225 tanto
394 1166 500 1225 inflatus
513 1182 622 1234 errore,
641 1176 672 1222 ut
685 1162 732 1222 srbi
746 1164 772 1222 se
786 1165 829 1223 illa
849 1165 933 1242 scitet
949 1150 1013 1246 ᾖξ’

50 1237 224 1310 persuaserit?
262 1260 321 1300 non
335 1260 432 1318 quaero
447 1244 565 1299 rationes
589 1259 634 1300 eas
651 1283 659 1310 ,
679 1257 743 1316 quae
764 1259 799 1298 ex
819 1243 1000 1318 conje-taml.

51 1312 126 1372 dura
141 1317 282 1390 pendent:
317 1336 381 1394 quae
403 1318 624 1392 disputationibus
645 1319 699 1375 huc
726 1318 755 1375 δι
776 1317 839 1376 illuc
863 1333 915 1379 tra-

48 1389 277 1461 huntut,nullam
291 1395 421 1469 adhibent
433 1392 609 1469 persuadendi
622 1393 816 1452 neceffitatcm.
837 1394 914 1455 Geo-

48 1468 156 1526 metriae
171 1469 372 1544 *provideanm
391 1469 478 1547 quise
492 1468 653 1545 profitentur
666 1487 723 1527 non
738 1470 895 1544 persuadere
904 1499 937 1543 ,v
951 1483 1053 1537 uocvld

48 1540 94 1601 led
108 1560 230 1620 cogere:
251 1548 388 1623 assequi
409 1546 505 1605 omnia
526 1546 628 1614 vobis,
655 1563 719 1621 quae
743 1545 974 1618 describunt,c0nl·
986 1549 1062 1602 lamb.

48 1618 174 1692 probant.
210 1638 270 1680 non
294 1640 391 1698 quaero
420 1641 454 1681 ex
480 1622 521 1680 his
542 1621 586 1680 illa
606 1622 683 1680 initia
704 1624 913 1683 mathematico·

48 1710 129 1754 rum:
148 1697 243 1772 quibus
256 1716 315 1758 non
330 1699 459 1759 conceffis
474 1742 483 1767 ,
503 1697 619 1773 digitum
634 1699 760 1772 progredi
780 1717 839 1758 nou
852 1701 914 1775 pos·

48 1769 119 1830 sunt.
156 1773 293 1832 Pundum
314 1773 389 1845 elle,
409 1774 486 1851 quod
507 1773 726 1849 magnitudinem
746 1775 849 1834 nullam
864 1778 914 1835 ha-

48 1845 120 1906 beat.
156 1850 403 1909 llExtrernitatem
432 1854 462 1909 &
476 1849 550 1926 quast
573 1850 786 1919 libramentum,
804 1853 833 1910 in
853 1869 911 1928 quo

48 1922 121 1982 uulla
135 1927 254 1986 omnino
269 1926 411 1986 crassitudo
427 1926 476 1996 srt,
495 1925 701 1987 lllineamento
715 1926 770 1985 stne
787 1927 840 1986 ulla
854 1929 915 1988 lati·

873 2017 917 2063 tu-

76 2169 117 2213 4³·
135 2160 165 2203 Et
176 2159 216 2220 qui
225 2158 297 2204 omnia
306 2157 426 2216 albinam
435 2156 566 2216 describunt,
572 2155 681 2218 probant]
695 2156 730 2204 Sic
741 2157 791 2206 l’al.
804 2171 838 2221 pr.
851 2158 876 2207 bt
889 2162 913 2209 S.

48 2217 169 2274 vilioris,
190 2221 248 2268 item
267 2218 348 2268 Lamb.
360 2220 440 2268 editio.
452 2220 501 2268 alia
508 2236 517 2276 3
533 2221 559 2271 rb
570 2223 623 2282 quia
633 2223 704 2265 omnia
713 2220 792 2276 nobis,
808 2234 915 2282 quomo·

48 2279 80 2388 plo
91 2277 195 2391 Patefec.
207 2282 348 2331 Gulielmius
359 2280 513 2343 conjiciebnta
528 2286 589 2347 ecqui
603 2286 675 2330 omnia
685 2283 756 2338 nobis,
766 2298 789 2346 q.
800 2285 853 2344 desc.
862 2297 915 2347 pro-

57 2355 107 2392 unt.
161 2357 230 2396 tuter.
407 2394 411 2401 ,

77 2423 116 2465 44.
139 2411 304 2456 Extremitatem
320 2410 346 2461 d
363 2407 422 2472 quast
438 2408 606 2465 libramentum,
633 2412 712 2472 inquo
727 2408 788 2455 nulla
804 2408 913 2470 craffimdo

48 2466 92 2527 bt]
109 2470 263 2528 E'mpa'rrlar,
279 2486 352 2535 quam
364 2469 496 2532 firperfict'em
513 2485 581 2521 vocat
594 2471 698 2528 Plinius,
714 2471 783 2519 vertit
795 2469 833 2519 bic
843 2488 915 2520 extre·

48 2536 160 2587 mitatem,
180 2546 205 2581 ut
216 2533 354 2583 Aristoteles
365 2536 389 2582 dt
402 2532 474 2595 Pytha
491 2536 541 2583 orei
551 2536 618 2593 respue
629 2536 751 2590 rabbae&
763 2532 912 2592 definierant,

48 2607 161 2656 apertum.
195 2599 284 2643 librare
295 2593 341 2644 esse
351 2609 447 2659 aequare.
475 2548 535 2645 brine
546 2599 654 2644 libratam
668 2598 694 2646 oc
705 2598 868 2654 libramentum,
884 2601 912 2649 dt

48 2655 76 2704 ad
87 2657 172 2706 libram
184 2661 208 2707 bt
222 2659 251 2706 ad
262 2660 368 2708 libellam
379 2673 444 2723 aequa
455 2661 479 2708 bt
494 2659 565 2723 plana
575 2659 629 2707 loca
639 2673 733 2709 notum.
750 2673 774 2708 at
789 2665 913 2707 extrelm'ras

48 2720 123 2775 olma,
139 2719 214 2776 dices,
230 2721 298 2771 idest
314 2717 432 2778 insoluta
450 2722 582 2778 salvaltor,
605 2736 650 2769 una
661 2724 814 2772 extremitatis
826 2724 912 2785 species

48 2779 91 2839 est,
109 2797 164 2831 cum
174 2783 224 2832 aliz
234 2785 295 2833 durae
307 2796 472 2840 numerentur,
488 2788 594 2844 aemule
608 2786 634 2833 bt
650 2804 738 2844 μιιτκ,
752 2800 802 2847 quae
813 2785 839 2832 in
854 2785 915 2835 defi·

48 2844 165 2894 ultionem
175 2847 295 2903 intusum,
310 2846 375 2908 quod
387 2847 535 2895 libramentum
548 2847 608 2902 hle,
625 2850 649 2895 iu
664 2847 756 2895 Timaeo
772 2859 852 2894 autern
864 2850 914 2908 pla-

48 2924 98 2954 num
108 2909 191 2963 vertit,
206 2910 248 2972 qul
263 2923 373 2973 poterunt
389 2909 491 2959 cadere?
513 2915 566 2973 Ego
581 2907 624 2957 tibi
641 2907 779 2972 respondere
796 2908 834 2955 bic
849 2909 912 2958 aliud

48 2984 96 3018 uon
113 2967 220 3034 possum,
236 2973 310 3034 quim
322 2974 464 3021 Ciceronem
479 2973 504 3020 in
520 2987 550 3020 eo
566 2970 670 3019 secutum
686 2972 764 3034 potius
779 2969 915 3023 uetustiores

48 3032 200 3095 thuolophos
210 3034 256 3085 effe
267 3035 340 3096 qudm
353 3034 482 3083 Euclidem.
502 3035 549 3093 ,illi
559 3035 625 3081 enim
635 3034 763 3090 lutulena»
778 3034 914 3084 &insnrblr

48 3110 89 3158 pro
105 3095 191 3146 eodem
209 3097 373 3161 accipiebant,
389 3095 484 3145 testatur
501 3099 574 3145 etiam
588 3092 680 3147 bouils.
692 3096 785 3144 Prorsus
800 3094 829 3144 ad
844 3097 913 3149 illam

48 3157 209 3209 definitionem
220 3162 335 3211 Euclidis:
352 3156 463 3211 balatu&
481 3160 576 3216 latoius
586 3178 602 3207 ιι
612 3161 658 3207 bell
671 3161 717 3209 bec.
733 3160 769 3208 Sic
778 3159 912 3223 igiturl’ro·

48 3222 108 3269 :lust
122 3224 176 3273 Tale
191 3225 235 3279 mlv
251 3225 403 3280 nauuloubpobt
420 3226 463 3271 τῶν
478 3178 595 3276 oluooapob
613 3220 640 3268 abac
651 3221 718 3270 iussu
729 3225 767 3272 ‘tlt
783 3225 909 3275 beroaldus:

48 3274 111 3341 lv&
128 3286 245 3334 effluebat
260 3292 287 3334 eb
303 3286 403 3332 lelntllr
419 3317 427 3340 ,
459 3284 514 3331 ‘iau'
530 3283 560 3336 ὥς
574 3302 646 3331 ταυτα
662 3283 764 3339 briellas
780 3301 914 3341 mapulam-1

48 3346 133 3505 ruo,
150 3348 195 3398 buc.
211 3348 250 3397 ubl
263 3345 417 3410 Philosophus
437 3347 493 3396 illos
509 3346 612 3412 appellat
627 3348 771 3397 nominatim
782 3349 908 3399 Platonem

79 3406 238 3461 Aristotelem.
254 3417 278 3461 P.
287 3415 360 3460 Faber.

48 3468 53 3589 ἶΓ
71 3491 109 3533 45.
127 3476 289 3526 [lineamentum
297 3475 341 3537 bne
351 3477 399 3526 ulla
410 3476 526 3524 latitudine
535 3481 657 3535 carentem]
676 3472 819 3529 meursius
833 3473 906 3587 dublp
989 3538 998 3571 t

452 3542 493 3588 lli
508 3539 572 3587 llll
840 3552 879 3586 me
898 3561 909 3575 -
1047 3552 1050 3557 ·
