2318 3914
203 140 287 223 2508
406 136 471 205 Dr
489 140 517 205 F
524 156 578 205 ru.
598 137 698 205 Bou.
716 137 910 207 ιιΜιιι.

204 228 264 325 qne
277 248 406 309 viderim.
442 250 500 309 hoc
513 260 610 309 autem
621 261 770 327 tempore,
787 248 837 309 etsi
849 248 947 310 multe
959 250 994 309 in
1011 251 1086 311 omni

206 337 284 401 parte
298 324 473 387 Athenarum
491 326 554 385 sunt
573 326 603 385 in
623 326 685 401 ipsit
707 326 776 387 locis
786 324 895 386 indicia
907 325 1086 387 summotum

208 402 351 473 vitorum,
369 416 466 463 tamen
479 420 534 480 ego
547 400 593 461 illd
609 419 733 464 moveor
745 400 854 463 exedtd.
894 400 1002 463 Modo
1016 404 1087 465 enim

206 477 261 537 suit
281 479 460 539 Carneades:
486 496 573 557 quem
594 479 691 539 videre
717 479 826 541 videor.
857 477 901 539 est
920 479 1006 540 enim
1026 490 1088 541 nota

206 554 558 693 tritissimis
570 567 647 709 'sss
660 554 982 635 mmmmm
998 556 1086 618 ’Μ

181 716 198 775 ς
247 708 328 767 Tum
343 708 405 769 Piso
420 752 430 779 ,
448 710 595 787 Quoniam
614 710 698 787 igitur
717 708 822 787 aliquid
838 720 1001 781 somnes,
1025 706 1085 801 qu'l

59 786 177 903 tu*
208 784 1084 925 erueremurirtntttutlmmm

208 937 291 999 sunt?
308 938 359 999 suo
372 942 448 1001 enim
462 940 578 1018 quisque
590 938 680 1000 sludio
701 937 826 999 maximd
846 938 974 1001 ducitur.
1012 940 1082 1003 Ets-
1115 989 1123 1016 .,

207 1014 252 1103 le,
271 1013 337 1074 cum
350 1012 513 1104 erubuisset,
532 1016 619 1085 Noli,
638 1016 745 1103 inquit,
763 1034 799 1075 ex
813 1034 864 1105 me
877 1019 1083 1155 ‘ffere'ffi

208 1108 238 1150 ιιι
252 1091 424 1151 Phalencnm
436 1105 520 1151 ettam
536 1091 740 1152 descenderim:
759 1110 820 1167 quo
840 1110 872 1152 m
948 1113 971 1156 o
984 1094 1022 1154 ad

210 1166 287 1227 ctum
300 1168 378 1241 ajunt
390 1170 545 1229 declamare
557 1166 667 1227 solitum
679 1168 929 1241 Demosthenem,
949 1183 987 1231 ut
999 1168 1083 1231 stemi-

210 1255 273 1302 tum
286 1242 444 1306 assuesceret
456 1262 529 1305 voce
542 1246 663 1304 vincere.
700 1244 896 1305 modoetiam
909 1248 1039 1323 paullum
1054 1244 1082 1308 ad

212 1318 338 1380 dextram
351 1320 386 1381 dc
400 1324 445 1381 via
457 1321 610 1390 declinavi,
630 1334 661 1380 ut
680 1322 716 1381 ad
735 1322 846 1381 Periclis
868 1322 1033 1399 sepulcrum
1043 1340 1082 1383 ae-

212 1396 351 1458 cederem.
388 1416 557 1476 quamquam
572 1397 602 1456 id
622 1397 737 1474 quidem
756 1397 903 1458 inlinitum
926 1400 969 1460 eil
989 1402 1020 1461 in
1036 1400 1082 1460 luc

63 1490 81 1539 ιι
96 1492 202 1535 tuom
213 1473 296 1533 urbe:
317 1492 494 1553 quacumque
508 1478 584 1533 enirn
598 1474 768 1549 ingredimur
778 1516 788 1546 ,
798 1476 830 1535 in
842 1472 996 1555 ¹¹aliquam
1008 1476 1082 1538 lilo-

63 1553 136 1602 MSS·
214 1550 283 1609 riam
299 1552 443 1625 uestigium
457 1552 595 1628 ponimtu.

185 1634 205 1691 6
250 1626 330 1686 Tum
345 1628 422 1696 Piso,
442 1627 547 1705 Atqui,
567 1626 687 1693 Cicero,
704 1628 811 1705 inquit,
829 1627 879 1687 illa
894 1628 1004 1700 lindie,
1022 1626 1080 1690 fiad

97 1714 123 1762 ι’.
144 1714 170 1762 Β.
213 1704 362 1764 imitandos
381 1704 504 1763 summos
524 1706 598 1763 uiros
616 1704 762 1781 spedant,
780 1706 996 1781 ingeniosorum
1019 1706 1080 1765 sunt.

214 1778 254 1839 sm
267 1779 467 1841 tantummodo
479 1780 516 1839 ad
526 1779 627 1839 indicia
640 1782 740 1839 veteris
752 1780 904 1840 memotiae
916 1779 1080 1861 contuim-

214 1857 278 1927 dae,
298 1858 477 1917 curiosorum.
513 1869 542 1915 te
556 1868 649 1917 autem
664 1858 808 1918 hortamur
826 1875 959 1929 omnes,
977 1875 1079 1919 curreu-

214 1946 273 1992 tem
288 1934 420 2011 quidem,
439 1948 471 1994 ut
482 1933 578 2010 spero,
596 1947 627 1994 ut
636 1952 792 2021 eoaes,·quor
803 1931 916 2021 novisse
929 1938 1080 2007 vis,emn

215 2011 316 2071 imitati
330 2012 405 2071 uelit.
424 2012 484 2071 Hic
497 2028 573 2087 ego,
591 2010 647 2069 Etii
661 2021 727 2069 tacit
739 2012 786 2069 luc
798 2010 935 2085 quidem,
956 2015 1083 2093 inquam,

215 2088 276 2147 Piso
303 2090 346 2161 (ut
371 2088 459 2161 rides)
473 2106 529 2155 ea,
548 2106 613 2165 quae
634 2088 758 2164 praecipit
775 2106 782 2144 :
801 2100 900 2147 tamen
922 2092 1085 2167 inmigrare

212 2166 250 2224 est
264 2166 385 2224 hortatio
398 2180 454 2223 tun.
493 2166 573 2223 Tum
587 2164 632 2222 ille
646 2162 823 2230 amicissime,
841 2176 874 2222 ut
886 2164 1014 2239 solebat,
1027 2166 1085 2227 Not

212 2240 304 2309 tero,
330 2242 446 2317 inquit,
472 2258 571 2299 omnes
591 2242 688 2299 omnia
709 2240 743 2299 ad
769 2240 850 2315 hujus
871 2242 1084 2303 adolescentiam

210 2319 411 2386 conferamus,
430 2318 459 2375 in
480 2318 627 2391 primisque
648 2331 680 2374 ut
699 2316 791 2391 aliqud
804 2316 917 2375 suorum
934 2318 1086 2379 studiorum

208 2394 390 2469 philol'ophiae
404 2411 518 2469 quoque
532 2393 687 2467 impertiat,
702 2392 747 2451 vel
759 2408 790 2449 ut
804 2406 833 2451 te
847 2393 1087 2474 imitetur,quettt

210 2483 302 2528 amnt:
324 2469 368 2527 vel
383 2471 493 2528 utillud
513 2468 626 2543 ipsum,
651 2469 730 2542 quod
750 2466 865 2537 studet,
893 2470 991 2531 facere
1010 2472 1088 2549 poffit

209 2548 340 2605 ornatius.
382 2546 435 2602 Sed
451 2543 541 2603 utrum
556 2546 707 2602 hortandus
720 2562 748 2602 es
762 2544 860 2613 nobis,
880 2545 955 2605 Luci
965 2549 1088 2625 ,inquit,

212 2642 248 2682 an
262 2624 346 2681 etiam
359 2635 407 2679 tua
420 2621 516 2696 sponte
530 2620 678 2695 propensus
693 2621 741 2678 es?
761 2622 829 2679 mihi
853 2623 974 2697 quidem
988 2625 1091 2685 Antio·

213 2700 317 2768 chum,
356 2716 421 2755 uem
436 2698 527 2763 audis,
547 2696 606 2753 titis
619 2696 688 2754 belle
702 2696 800 2755 videris
811 2699 967 2759 attendere.
1009 2702 1088 2761 Tum

213 2777 259 2837 ille
274 2717 389 2843 timide,
408 2774 451 2831 vel
466 2772 555 2848 potius
571 2770 746 2858 verecundie,
764 2774 867 2843 Facio,
885 2776 998 2851 inquit,
1013 2780 1091 2855 equi-

214 2853 299 2911 dem:
320 2850 364 2911 sed
384 2849 515 2909 auditline
534 2850 623 2908 modo
647 2849 683 2907 de
705 2849 876 2909 Carneade?
901 2854 997 2928 rapior
1017 2856 1089 2915 illuc.

214 2942 329 2989 revocat
342 2942 436 2986 autem
451 2926 626 2984 Antiochus:
645 2942 698 2984 nec
712 2924 749 2984 est
762 2938 894 3002 praeterea
909 2969 919 2996 ,
938 2946 1030 3005 quem
1045 2949 1091 2991 au·

215 3006 332 3066 diamus.

191 3103 208 3161 7
257 3083 309 3143 lll.
328 3082 416 3143 Tura
437 3081 528 3139 Prso
542 3120 552 3149 ‚
577 3075 656 3137 tEtfi
672 3078 729 3138 hoc
744 3122 754 3151 ,
772 3080 886 3156 inquit,
905 3082 1091 3145 fonaffettou

1040 3180 1091 3238 po·

254 3383 277 3422 9.
294 3369 343 3426 Etsi
353 3370 421 3425 hinc,
436 3369 527 3428 inquit,
539 3369 628 3430 femffc
647 3386 688 3417 non
708 3372 788 3432 poteris
802 3371 835 3430 fic
848 3369 927 3427 altre]
957 3373 1019 3419 ven.
1042 3368 1088 3429 Etfi

221 3432 274 3488 hoc,
290 3434 375 3495 inquit,
385 3431 474 3491 fimaffe
484 3450 524 3479 non
532 3437 608 3492 poterit
612 3432 645 3491 fic
652 3434 711 3479 abire
723 3467 731 3487 ,
745 3431 949 3496 quemadmodum
960 3431 1088 3489 illudam·-

221 3494 494 3559 uiar,brclificaliret,
510 3497 607 3557 comet,
621 3498 792 3559 Nonprrerr'tfir
807 3498 886 3559 alim]
903 3496 1010 3563 Egregia
1023 3497 1091 3619 luteis:
