2318 3914
207 153 777 241 LinunSncuunus.
865 156 944 242 2381

70 266 150 338 lum,
170 280 201 328 ut
213 267 328 328 disrator
349 263 437 323 esset:
464 263 501 321 fic
522 281 574 323 vos
597 263 669 322 ¹4de
689 264 802 340 Pelasgis
814 270 944 327 omnibus

73 346 199 421 colligitis
213 345 300 404 bonos
315 342 376 402 illos
391 339 506 413 quidem
519 341 593 398 viros
602 340 664 408 ,sed
680 338 754 398 certe
768 360 824 399 non
833 361 945 417 pereru-

73 420 154 481 ditus.
191 424 264 496 Ergo
279 420 319 497 illi
333 417 518 492 intelligunt,
537 417 603 490 quid
623 416 757 490 Epicurus
770 416 841 476 dicat
861 462 870 489 ,
889 438 943 496 ego

74 495 294 573 nonintelligo?
411 514 422 567 j

111 575 153 632 Ut
172 574 237 633 scias
258 590 307 630 me
327 570 501 645 intelligere,
522 568 642 645 primum
666 567 741 628 idem
757 566 809 627 effe
823 571 990 646 relapsa-13

71 659 131 709 tem
147 650 230 718 dico,
250 646 327 722 quod
341 648 385 706 ille
408 646 502 710 isarae.
541 648 571 704 &
586 645 698 721 quidem
713 645 785 720 saepe
799 650 945 718 quaerimus

70 726 189 784 verbum
205 724 340 782 Latinum
355 741 403 799 par
415 724 535 792 Graeco,
556 725 585 781 &
599 722 676 796 quod
688 720 764 779 idern
774 722 876 780 valeat:
899 722 964 781 hl‘c·

70 802 141 861 nihil
165 803 243 868 fuit,
265 800 340 874 quod
355 816 547 873 quaereremus.
593 798 733 857 ¹5nullum
753 799 871 857 inveniri
884 811 969 875 pot·¹

70 877 129 944 est,
149 878 226 952 quod
241 877 326 952 magis
348 876 423 937 idem
445 876 563 936 declaret
585 874 709 944 Latine,
729 874 804 949 quod
820 873 946 944 Graece,

71 952 159 1027 quarn
175 952 293 1012 declarat
309 953 439 1028 voluptas.
477 953 543 1010 huic
552 952 637 1010 verbo
653 970 769 1023 omnes,
790 953 835 1027 qui
844 953 945 1025 ubique

71 1030 153 1096 sunt,
173 1031 220 1103 qui
234 1028 332 1087 Latine
344 1026 449 1098 sciunt,
469 1028 535 1086 duas
548 1044 589 1089 res
610 1028 777 1102 rsubjiciunt
791 1071 799 1097 ,
819 1028 968 1087 letitiama
981 1019 1093 1074 subiciam

71 1107 103 1162 in
118 1106 229 1175 animo,
249 1107 472 1164 commotionem
486 1105 597 1163 suavem
609 1104 787 1179 jucunditatis
802 1106 831 1164 in
846 1123 948 1180 corpo-
955 1088 1016 1138 m‘

72 1198 114 1239 re.
151 1199 216 1241 nam
230 1183 260 1240 &
272 1181 316 1239 ille
332 1181 404 1256 apud
418 1181 558 1240 Trabeam
575 1225 584 1251 ,
604 1180 776 1254 voluptatem
798 1183 884 1240 animi
905 1183 949 1240 ni-

73 1259 180 1326 miam,
198 1257 316 1315 tarasiam
331 1257 415 1326 dicit,
435 1257 552 1316 eandem
569 1301 576 1326 ,
598 1274 682 1334 qnam
696 1256 749 1315 'ille
766 1259 947 1330 Caecilianus,

74 1336 122 1410 qui
138 1332 254 1391 arnallus
267 1332 362 1391 latialis
377 1333 463 1392 larum
475 1335 518 1408 effa
527 1334 556 1409 se
570 1344 669 1392 narrat.
688 1332 734 1391 sed
748 1333 804 1392 hoc
817 1334 943 1403 interest‘,

72 1408 151 1486 quod
166 1409 290 1484 voluptas
313 1409 413 1467 dicitur
434 1412 516 1468 etiam
538 1411 567 1468 in
588 1412 684 1469 animo
705 1410 890 1478 vitiosam,
911 1422 943 1469 ut

70 1487 158 1546 Stoici
171 1498 283 1562 putant;
305 1487 353 1562 qui
366 1503 429 1544 eam
445 1485 481 1545 fic
496 1484 630 1544 definiunt
645 1507 652 1545 ε
681 1485 867 1545 Sublationem
882 1488 942 1545 ani-

69 1562 112 1622 mi
127 1561 320 1631 lineatione,
341 1563 477 1637 opinantis
492 1562 518 1623 se
533 1579 636 1636 magno
651 1563 728 1622 bono
743 1565 812 1623 frui:
833 1582 891 1621 non
900 1562 942 1621 di·
990 1621 993 1629 ,

70 1641 142 1700 citur
154 1639 336 1707 laetitia,.nec
349 1637 480 1713 gaudium
496 1639 525 1697 in
542 1656 667 1712 corpore.

110 1715 142 1773 ln
157 1732 192 1773 eo
206 1727 299 1773 autem
321 1715 446 1789 voluptas
464 1757 472 1784 ,
493 1716 621 1773 omnium
644 1714 744 1774 Latine
762 1716 937 1793 loquentium
949 1723 972 1768 Ρ.
993 1725 1089 1777 vall.

69 1809 173 1860 more,
194 1793 329 1866 ponitur,
350 1789 415 1848 clrm
439 1793 587 1865 percipitur
603 1809 659 1862 ea,
679 1810 744 1868 quae
765 1792 870 1851 sensum
892 1794 986 1858 ali-14
1028 1824 1031 1829 ·

67 1886 155 1944 quem
171 1879 302 1936 moveat,
318 1865 483 1942 jucunditas.
516 1867 588 1924 hanc
601 1885 716 1943 quoque
725 1868 940 1942 jucunditatem,

68 1945 89 2002 sr
104 1945 163 2012 vis,
182 1944 296 2001 transfer
309 1946 337 2000 in
352 1943 477 2001 animum
496 1961 503 2000 a
519 1944 617 2018 juvare
632 1946 706 2001 enim
722 1944 750 2001 in
765 1938 884 2020 utroque
898 1946 940 2003 di·

69 2022 303 2094 eitur,exeoque
314 2016 586 2095 jucundum:modo
600 2020 827 2095 irrtelligas‚iuter
846 2021 922 2079 illum
931 2061 940 2091 ,
1008 2071 1012 2078 .

22 2166 31 2175 „
67 2098 120 2174 qui
134 2096 223 2165 dicat,
1007 2096 1010 2101 '

148 2171 240 2229 Tantas
253 2170 345 2229 latirus
358 2175 449 2230 ausim
456 2173 537 2250 fiam,
557 2188 589 2231 aa
604 2172 672 2232 mihi
687 2194 740 2234 nan
755 2173 880 2246 confirm.-

70 2250 101 2308 &
116 2266 200 2317 eum,
220 2250 283 2324 qui,
747 2274 758 2291 2·

149 2335 229 2383 Nunc
244 2326 351 2383 demum
366 2324 433 2383 mihi
452 2326 558 2385 animus
572 2327 664 2384 ardet:

69 2419 192 2536 guorum
208 2402 273 2460 alter
288 2400 382 2460 laetitia
396 2402 507 2478 gestiat,
526 2406 593 2463 alter
608 2403 705 2463 dolore
713 2404 864 2466 crucietur:
886 2402 939 2464 esse

70 2478 150 2539 ilum
166 2478 307 2546 medium,

112 2553 139 2595 ¹⁶
148 2557 322 2633 Qamquam
334 2553 384 2614 bac
395 2553 464 2616 inter
473 2577 518 2615 nas
530 2570 630 2636 unuper
641 2558 736 2617 notitia
743 2559 886 2619 admodum
894 2558 940 2648 est,
946 2568 967 2667 s.
969 2567 1057 2668 ἔξω

893 2655 943 2715 qur
1025 2650 1034 2671 ·

104 2802 140 2843 14.
158 2790 194 2832 De
209 2786 302 2848 Pelasgis
315 2787 409 2833 omnibus
423 2788 544 2848 caligula]
572 2787 678 2852 Pelasgi,
696 2790 777 2855 populi
797 2788 940 2846 errabundi,

65 2847 174 2913 primum
190 2849 325 2897 habitavere
339 2863 430 2912 partem
451 2849 624 2911 Peloponnesi,
651 2868 703 2913 que
725 2852 825 2900 Arcadia
839 2851 938 2907 dicitur,

66 2911 132 2960 unde
149 2909 193 2961 fuit
210 2911 324 2974 Pelasgus.
359 2911 444 2960 deinde
453 2926 545 2975 partem
561 2911 691 2964 Thessaliae,
723 2914 802 2976 postea
813 2913 940 2978 dispersum

66 2975 101 3023 est
114 2990 187 3038 genus
197 2973 256 3023 iilud
269 2974 293 3021 in
303 2975 378 3021 varias
388 2988 453 3023 terrae
464 2989 541 3037 partes
552 2977 577 3024 δι
589 2984 770 3025 πολυπλαννειιὶν
781 2976 878 3027 diuum.
896 2980 940 3026 Ci-

67 3052 127 3086 cero
137 3039 221 3100 igitur,
237 3035 344 3085 alludens
361 3036 389 3084 ad
406 3038 480 3084 varias
496 3051 561 3086 terre
578 3039 679 3100 plagas,
697 3053 754 3101 quas
770 3039 859 3104 Pelasgi
870 3041 939 3089 inco·

68 3100 137 3155 luat,
153 3096 207 3163 dicit'
220 3101 346 3163 Epicureos
358 3099 470 3162 colligere
479 3097 604 3164 discipulos
615 3115 644 3147 ex
658 3101 770 3164 Pelasgis,
785 3102 831 3152 hoc
841 3103 889 3159 est,
905 3118 942 3154 ex·

70 3163 141 3210 variis
150 3161 277 3211 hominum
288 3161 431 3211 nationibus.
465 3168 502 3210 Λ.
515 3166 602 3211 Manus.

105 3239 142 3278 15.
158 3228 249 3275 Nullum
265 3229 362 3272 inveniri
370 3225 448 3284 potest,
459 3226 516 3286 quod
532 3229 601 3287 magis
616 3226 673 3273 idem
682 3227 773 3276 octana
783 3233 873 3285 Latine,
884 3234 941 3295 quod

68 3288 225 3344 Gracmuaim
236 3291 328 3335 declaras
339 3291 457 3350 voluptas.]
465 3287 624 3352 supplendum
636 3304 666 3338 ex
677 3292 847 3357 manuscripro,
857 3297 943 3344 nullum

67 3353 168 3398 inveniri
180 3348 254 3412 patest‘,
270 3353 326 3415 quod
341 3355 410 3414 magis
425 3356 483 3398 idem
498 3353 590 3400 declaret
600 3357 692 3410 Latine,
702 3358 757 3416 quid
766 3360 850 3414 Gracc,
866 3358 942 3415 irari,

66 3412 139 3478 quam
149 3414 242 3461 declaras
252 3418 358 3477 voluptas.
391 3413 467 3464 Utfin·

103 3483 140 3526 16.
156 3479 297 3548 Quanquam
307 3482 347 3528 hac
356 3481 411 3530 sam
420 3496 457 3527 aas
468 3491 547 3540 nupera
558 3482 657 3538 auaritia]
671 3485 736 3530 Cum
745 3481 846 3532 inlibris
857 3493 942 3528 manu·

22 3544 26 3552 ⁴
485 3548 642 3592 mannaan
658 3558 670 3600 a
855 3541 945 3605 scriptis
