2318 3914
212 127 294 212 2480
392 108 473 192 ⁵Dte
494 123 583 189 Fru.
605 123 704 191 Bon.
724 142 781 191 rr
798 123 949 189 Mne·-

59 244 167 313 rqoert·
215 251 276 294 non
291 240 490 309 tquaeremus,
510 232 577 308 quid
599 232 755 292 obscuretur
787 244 834 293 aut
865 233 991 294 intereat
1008 234 1026 305 ,’
1038 236 1119 371 ulpia·

60 309 176 366 musam.
216 306 249 373 fit
268 308 423 370 admodum
445 326 584 386 parvum:
611 308 745 445 sedffum
766 296 819 368 trie
841 309 897 378 srt,
925 322 960 369 ut
991 324 1105 388 expett

61 406 78 441 v
92 390 178 465 suu-u
216 385 385 445 'summam
404 403 458 444 una
473 385 599 460 voluptas
613 383 628 443 ὲ
641 387 733 445 mutis
747 385 903 445 obscuratur
925 387 957 447 In
982 386 1030 446 illa
1047 389 1104 447 vita

62 451 187 505 *mm-
217 462 393 539 voluptarIa:
412 461 459 521 sed
477 474 572 521 tamen
595 478 627 519 ea
648 461 781 539 quamtus¹
794 478 877 538 parva
897 459 957 534 srt,
979 480 1045 540 pars
1067 463 1106 525 est

219 538 277 615 ejus
298 542 387 610 vitae,
415 555 479 615 quae
520 537 587 597 ofita
607 537 644 596 est
666 541 695 597 ln
718 537 870 614 voluptate.
909 556 1055 600 nummus
1075 541 1112 600 iu-

219 614 308 674 criesr
335 616 433 675 divitiis
455 557 634 673 obduratur:
661 632 722 690 pars
751 613 905 675 esttamen
926 615 1103 677 divitiarum.

218 708 304 768 quare
319 693 495 751 obscurentur
508 693 592 749 etiam
605 691 687 761 haec,
706 706 771 825 (ὲυω
792 688 947 751 secundum
970 704 1102 753 naturam

220 765 275 855 esse
295 768 435 838 dicimus,
454 767 484 826 in
506 767 563 828 uita
583 767 683 826 beata:
731 779 763 826 nt
782 767 873 827 modo
894 779 990 844 partor
1013 769 1102 831 beetae

223 854 300 903 vrtae.

175 933 211 996 32
259 920 338 979 XIII.
357 920 511 992 Ardor,
530 919 568 990 sr,
588 931 619 979 ut
632 920 783 979 convenire
798 920 972 980 deteritur
986 938 1054 992 noe,
1066 920 1102 980 esl

223 996 352 1072 quaedam
367 997 499 1074 appetitio
512 997 637 1055 naturalis
661 1014 694 1055 ea
720 1013 787 1072 quae
799 997 955 1056 secundum
972 1011 1099 1057 naturam

222 1073 283 1131 sunt
310 1084 337 1126 32
347 1085 477 1149 appetens
492 1113 501 1140 ‚
520 1091 619 1132 eorum
641 1074 769 1131 omnium
784 1073 822 1131 esi
834 1074 926 1150 aliqua
938 1072 1100 1133 summala-

108 1148 134 1201 ἲ·
148 1146 175 1199 B·
224 1147 330 1209 clenda.
349 1167 406 1225 quo
421 1149 587 1218 constituto,
606 1161 666 1207 tum
680 1149 772 1207 licebit
786 1147 876 1208 otiose
890 1148 938 1208 isla
954 1166 1099 1229 quaerere,

224 1224 260 1285 de
274 1225 462 1302 magnitudine
477 1242 586 1293 rerum,
606 1225 642 1283 de
656 1225 836 1294 excellentia,·
852 1238 959 1302 quanta
985 1229 1016 1286 In
1053 1244 1101 1285 uo·

119 1312 122 1323 ’
224 1318 281 1378 que
295 1300 327 1359 fit
339 1303 374 1361 ad
387 1300 466 1360 beare
479 1301 631 1361 uiuendum
641 1344 650 1369 ,
662 1302 697 1360 de
712 1301 765 1360 istis
777 1302 839 1377 Ipsis
852 1303 1041 1362 obsorretion'
1060 1316 1099 1371 ut',

225 1394 291 1455 quae
304 1391 415 1453 propter
427 1379 603 1453 exiguitatem
618 1380 664 1435 vix
685 1391 732 1436 aut
752 1395 794 1437 ne·
810 1379 857 1437 vix
883 1378 1005 1511 {uidem
1021 1394 1103 1455 appa·

225 1465 312 1513 reant.
352 1455 481 1528 trQuid‚
496 1454 601 1531 dequo
616 1454 688 1512 nulla
703 1451 829 1513 dissensio
844 1454 883 1512 esl
923 1456 1096 1515 nemoenr'm

228 1528 284 1598 ess,
303 1531 351 1606 qus
366 1531 441 1588 aliter
453 1530 568 1598 dixerit,
588 1532 655 1606 qusn
677 1532 806 1589 omnium
827 1544 990 1591 naturarum
1013 1528 1098 1589 fimile

226 1603 293 1664 esset
311 1606 357 1675 id,
377 1606 411 1665 ad
425 1604 502 1682 quod
516 1607 611 1665 omnia
624 1607 778 1664 reseruntur
794 1625 801 1664 :
822 1606 900 1685 quod
915 1607 955 1665 est
967 1607 1095 1666 ultimum

204 1698 318 1739 <rerum
332 1681 565 1756 appetendarum..
594 1684 695 1741 OmnIs
715 1684 792 1740 enim
814 1683 852 1740 est
875 1695 974 1743 natura
987 1682 1100 1758 diligent

220 1758 270 1816 sui.
308 1775 372 1834 quae
386 1757 424 1816 est
437 1760 530 1825 enim,
551 1776 614 1835 quae
631 1758 656 1815 se
672 1775 805 1834 umquam
823 1758 950 1825 deserat,
967 1769 1018 1816 aut
1036 1774 1099 1832 par·

223 1845 283 1892 tem
299 1835 418 1912 aliquam
432 1835 488 1904 sus,
507 1847 554 1894 aut
570 1836 627 1911 ejus
643 1834 878 1909 partithabitum‘,
898 1834 1015 1893 autrim
1025 1844 1101 1967 ‚naut

1016 1924 1037 1965 u
1057 1924 1101 1967 tus

262 2090 299 2128 ῃ.
317 2077 466 2137 appetentia]
480 2073 516 2121 sic
527 2074 552 2122 δι
563 2073 636 2129 olim,
653 2074 678 2123 δι
691 2084 754 2121 nunc
765 2070 848 2127 editt,
863 2071 929 2121 libris
940 2072 1053 2122 omnibus
1066 2073 1103 2121 iu·

227 2137 282 2185 viris
293 2169 301 2191 ‚
320 2137 412 2185 ratione
424 2135 554 2198 flagitante.
576 2136 625 2184 bet
636 2137 700 2184 enim
711 2135 825 2184 sententIa
835 2135 883 2189 est,
901 2137 926 2185 bu
937 2138 978 2187 bie
988 2135 1103 2186 oratIonit

227 2197 305 2247 cursus
315 2201 340 2247 &
352 2210 433 2247 tenor:
450 2201 478 2244 Si
488 2198 618 2262 estqaadam
629 2202 736 2246 naturalis
747 2201 847 2261 appetitio
862 2197 986 2255 hominia,
1001 2216 1046 2257 aa,
1060 2214 1102 2263 qua

222 2262 340 2323 secandum
351 2275 450 2307 naturam
458 2260 528 2320 sunt,
542 2266 653 2322 appetentis
664 2263 709 2313 (rr.
727 2275 782 2308 nam
797 2260 811 2307 sr
827 2260 879 2323 quis
890 2258 970 2319 dicat,
988 2262 1050 2311 nibil
1060 2256 1102 2309 esse

227 2321 465 2386 subintelligendum,
483 2321 520 2370 sed
535 2321 567 2371 fic
578 2324 705 2372 hroverba
722 2322 886 2372 conuertenda
899 2326 924 2374 δι
940 2322 1102 2389 explicandae

228 2388 257 2434 St*
267 2385 294 2445 est
305 2386 400 2448 quedam
411 2387 508 2446 appetitio
523 2388 630 2432 naturalis
646 2418 653 2441 ,
679 2403 721 2440 en,
736 2402 781 2449 qu
792 2386 907 2447 secundum
919 2400 1025 2435 naturam
1035 2387 1103 2449 sus,

228 2459 336 2509 apparens:
354 2446 434 2500 idest,
451 2461 501 2508 quae
514 2449 628 2510 appetitio
640 2449 727 2511 appetit
738 2463 779 2505 ea,
794 2463 846 2511 quae
857 2448 910 2497 sunt
920 2448 1053 2499 secundum
1065 2462 1106 2501 ua·

230 2513 377 2564 turam,&c.
399 2511 420 2557 Si
432 2510 502 2574 quis,
516 2511 628 2576 inquam,
643 2511 689 2559 hoe
706 2512 765 2560 mihi
782 2511 862 2565 dicat,
879 2511 1042 2574 respondeam
1057 2526 1105 2561 nou

228 2570 282 2620 fieri
293 2572 352 2620 milri
363 2569 487 2620 verifimile
496 2573 637 2621 Ciceronem
650 2572 695 2621 esse
712 2575 744 2621 ita
764 2575 878 2623 locutum.
911 2589 1026 2637 preterea
1037 2588 1107 2641 appe·

229 2634 286 2684 titio
296 2648 346 2681 non
358 2634 464 2697 appetit,
480 2633 519 2682 sed
529 2635 586 2683 sarit
597 2648 622 2683 ut
634 2638 685 2701 quis
697 2649 798 2701 appetat.
833 2640 857 2686 br
869 2639 990 2700 apperttto
1008 2638 1044 2688 est
1059 2638 1107 2687 aui·

228 2699 318 2746 mantia
330 2697 473 2761 appetentis,
490 2712 539 2744 non
550 2695 597 2763 ipsa
617 2699 713 2763 appetit.
735 2696 832 2764 quodsi
850 2712 994 2762 appeteret,
1016 2699 1106 2751 ulmal

229 2757 300 2816 esset,
317 2758 380 2822 quod
391 2759 424 2808 est
436 2759 558 2808 absurdum
569 2760 639 2810 distu.
664 2761 702 2809 sed
713 2762 778 2826 piget
790 2776 830 2811 rne
841 2762 890 2810 baee
906 2762 1020 2813 refellere
1034 2796 1044 2823 ,
1059 2762 1105 2813 eliu

232 2836 407 2887 properantem.
440 2825 537 2871 Lambsn.

232 2885 709 3013 turturinas:sitisses
724 2887 1109 3014 urrinnandin

235 3024 291 3058 eum
302 3011 426 3068 haererem,
443 3025 580 3061 commotus
609 3010 702 3060 roxlme
713 3008 860 3072 sequentibus
875 3010 974 3070 verbio,
1060 3008 1110 3065 rus·

237 3072 288 3122 iam
300 3075 378 3136 potius
389 3074 461 3137 qulrn
473 3074 575 3144 multam
585 3027 752 3142 dissensionem
762 3071 926 3137 fignIficabnnt
937 3086 954 3131 ,²
962 3028 1057 3141 infigi
1071 3092 1110 3127 ve·

239 3148 315 3184 terem
326 3136 425 3200 Philippi
432 3139 506 3185 Tertii
517 3137 616 3193 librum3
634 3137 682 3185 vidi
693 3139 802 3198 scalptum
814 3135 965 3199 planislime:
982 3142 1049 3187 nassa
1067 3143 1112 3203 dis·

235 3198 315 3259 frusto,
323 3198 403 3260 'idque
415 3204 469 3249 car.
485 3202 557 3249 etiam
568 3201 673 3265 sigoniI,
689 3198 835 3248 eruditissimi
844 3199 952 3248 hominis
965 3202 991 3251 dt
1001 3200 1037 3251 de
1049 3204 1110 3253 litte·
1131 3241 1135 3266 ,

239 3261 271 3307 rit
282 3259 374 3323 optime
386 3262 477 3317 meriti,
493 3263 551 3311 Isber
560 3262 694 3312 confirmat.
712 3266 832 3312 I'.Manur.
864 3264 945 3326 Quid,
958 3266 986 3310 de
996 3281 1043 3329 qm
1053 3269 1111 3315 urrist
1130 3292 1134 3321 ι,

239 3323 333 3381 diffmſso
343 3323 400 3383 est]
424 3329 566 3373 invexerunt
577 3325 635 3375 illud
652 3324 665 3374 b
679 3321 730 3375 mff.
745 3324 790 3374 suis
805 3324 896 3374 Paullus
906 3326 1018 3388 primum
1028 3332 1111 3379 Mami·

239 3385 286 3432 tius
308 3400 334 3432 ac
349 3387 422 3436 Dion.
440 3388 577 3437 Lambinus.
608 3400 679 3438 antea
695 3400 744 3439 erat
761 3389 832 3445 unsa
845 3388 940 3455 salsense
948 3422 960 3451 ,
985 3390 1110 3457 quomodo

238 3446 297 3523 item
307 3446 376 3504 idlae
386 3451 413 3503 iu
422 3451 482 3503 Pell.
491 3453 605 3523 quiaque,
639 3455 728 3509 Graan.
1052 3520 1110 3585 W
