2318 3914
163 147 356 213 braun
398 130 892 230 Quantus-amr

48 265 156 327 scuriirs.
194 264 270 340 Quid
289 277 345 334 tu,
363 259 509 337 Epicure?
534 261 666 338 loquere„
695 268 771 334 putas
784 259 873 320 solem

48 342 64 403 'e
77 340 234 403 tantulum?
252 340 281 382 ⁶⁶
289 342 352 415 Ego
364 357 401 398 ne
414 339 494 397 uobis
506 337 619 414 quidem
632 346 751 399 tantum.
788 336 873 397 sed&

48 437 60 478 s
80 420 178 479 abillo
198 418 369 476 irridemini:
397 416 427 474 ὅ(
446 414 495 490 ipfi
514 414 603 471 illum·
620 412 734 472 uiciffim
757 412 872 471 eluditis.

48 496 93 555 ber
106 498 187 570 igitur
199 493 215 552 i
229 494 276 550 tali
287 491 409 551 irrisione
424 491 565 559 Socrates,
583 490 649 548 liber
664 490 754 549 Aristo
769 488 871 559 Chius,

49 572 59 631 i
72 572 140 630 nihil
153 571 268 629 istorum
283 568 341 627 sciri
357 579 433 642 putat
448 564 532 643 polle.
952 604 956 610 .

48 647 103 707 Sed
124 646 209 705 redeo
229 643 265 703 ad
292 645 417 702 animum
445 646 474 702 ὃ(
496 661 604 718 corpus.
642 644 745 704 Satisne
758 641 871 704 tandem
885 663 936 720 124
1014 650 1024 689 '³

53 734 122 783 nota
136 722 197 779 sunt
211 718 307 790 nobis,
326 738 389 796 quae
403 737 552 779 nervorum
568 731 663 778 nutura
677 721 725 791 srt,
745 738 809 799 quae
823 737 872 777 ve·
931 746 933 755 2

48 796 129 857 rum?
149 811 313 855 tenemusne
326 797 392 873 quid
405 797 511 854 animus
524 794 575 855 stt?
596 795 686 856 ubisit
700 840 709 867 ,
729 798 848 872 denique
862 836 872 865 ‚

48 894 94 942 re,
115 874 200 940 ¹aut,
220 884 251 930 ut
271 872 436 930 Dicaearcho
457 872 545 930 visum
568 872 628 941 est,
648 891 684 933 ne
703 872 735 932 fit
755 871 888 949 quideml
905 883 947 925 an,
961 882 987 920 ut

48 949 100 1008 us?
121 942 212 1008 suesti
227 960 315 1010 tresne
330 960 416 1022 partes
434 948 555 1017 habeat,
582 960 612 1007 ut
632 949 739 1009 Platoni
753 950 871 1026 placuit,
881 935 955 982 Lm·

48 1027 149 1094 ionis,
167 1025 239 1093 irae,
258 1024 430 1099 cupiditatis:
476 1042 511 1082 an
531 1024 644 1100 simplex
671 1045 794 1103 unusque
814 1024 875 1084 fit?

48 1101 177 1176 implear,
196 1100 286 1158 utrium
301 1099 331 1158 fit
345 1101 429 1175 ignis,
450 1103 611 1170 anamma,
630 1120 664 1160 an
678 1102 801 1179 sanguis?
821 1120 873 1171 an,

62 1178 254 1245 Xenocrates,
281 1194 359 1247 mens
379 1178 455 1236 nullo
477 1177 623 1252 corpore?
648 1179 724 1254 quod
744 1179 874 1251 intelligi,
998 1224 1001 1229 ,

48 1254 92 1312 ale
105 1252 153 1332 srt,
173 1255 218 1311 vix
234 1253 329 1328 potest.
350 1254 398 1320 bc,
418 1253 548 1328 quidquid
564 1254 617 1322 est,
639 1256 753 1313 mortale
768 1254 817 1326 fit,
836 1274 872 1314 an
921 1273 943 1319 r.
964 1271 991 1320 n.

48 1327 168 1389 emum?
187 1328 217 1383 ⁶7
226 1347 290 1387 nam
305 1343 420 1404 utraque
433 1331 462 1387 in
476 1343 550 1404 parte
566 1331 650 1388 multa
664 1331 798 1390 dicuntur.

48 1407 112 1464 XL.
131 1406 217 1465 Hora
226 1427 245 1463 u
256 1427 277 1464 u
292 1406 393 1482 aliquid
406 1407 495 1463 vestro
508 1405 617 1480 sapienti
631 1419 736 1466 certum
752 1408 874 1466 videtur:

47 1482 121 1553 stro,
138 1483 263 1560 nequid
283 1481 404 1540 maxime
424 1481 536 1556 quidem
556 1483 692 1556 probabile
707 1483 757 1552 fit,
777 1501 876 1543 occur-

48 1601 55 1617 .
92 1556 204 1633 itasunt
224 1560 253 1617 in
269 1559 406 1634 plerisque
429 1559 625 1616 contrariarum
645 1559 784 1619 rationum
802 1562 876 1635 paria

48 1646 169 1695 omenta.
907 1642 910 1649 '

51 1711 100 1770 Sin
114 1712 167 1786 agis
187 1708 363 1769 verecundius
390 1711 419 1768 ὅ(
442 1727 488 1767 me
503 1709 632 1779 accusas,
652 1729 711 1770 non
727 1710 804 1786 quod
823 1714 877 1772 tuis
890 1737 939 1792 ης

48 1786 162 1853 ionibus
176 1805 234 1845 non
246 1784 384 1856 allentiar,
405 1785 451 1844 sed
464 1785 541 1862 quod
554 1788 633 1845 nullis
650 1807 656 1844 :
696 1788 806 1846 vincam
820 1792 878 1848 ani·

48 1881 112 1931 um:
134 1865 233 1938 cuique
255 1859 401 1932 assentiar,
421 1862 548 1936 deligam.
586 1880 669 1938 quem
692 1862 880 1937 potilirmirm?

48 1957 100 1999 iem
117 1936 128 1996 ἓ
148 1937 366 1997 Democritum?
386 1942 492 2012 lemper
507 1939 581 1995 enim
603 1939 645 2011 (ut
657 1938 737 2013 scitis)
751 1938 880 1999 studiosus

48 2015 160 2075 tbilitatis
173 2015 221 2073 fui.
251 2014 377 2088 Urgebor
387 2016 447 2089 jam
463 2015 591 2071 omnium
605 2012 724 2072 vestrim
740 2016 880 2074 convicio.

48 2109 101 2151 une
116 2104 163 2149 aut
176 2091 257 2149 inane
292 2090 422 2165 uidquam
435 2104 513 2164 putes
528 2088 581 2147 elie
596 2131 605 2157 ,
625 2089 688 2147 cum
704 2091 741 2147 ita
755 2091 880 2165 comple·

75 2169 106 2227 &
126 2167 250 2225 conferta
272 2107 323 2223 iant
346 2166 464 2233 omnia,
483 2164 512 2206 ⁶8
522 2178 552 2224 ut
573 2167 602 2224 δι
623 2165 699 2241 quod
722 2167 879 2226 movebitur

49 2242 284 2320 rporumcedat,
304 2244 334 2299 &
355 2241 409 2318 qua
430 2241 551 2319 quidque
572 2239 701 2309 cesserit,
720 2241 793 2301 aliud
805 2242 879 2304 illico

48 2317 205 2397 nequatur?
224 2329 271 2377 aut
285 2330 393 2378 atomos
408 2318 496 2387 ullas,
523 2316 538 2376 ὲ
558 2319 654 2393 quibus
674 2317 808 2395 quidquid
823 2319 882 2405 elii·

828 2412 883 2454 cra-

48 2610 86 2654 66.
102 2608 145 2666 Ego
155 2621 181 2649 ne
190 2584 251 2651 vobi}
259 2604 346 2667 quidem
354 2610 457 2663 cararum]
487 2606 523 2655 sie
531 2606 589 2654 Pali.
601 2621 679 2669 neque
689 2603 791 2654 diffentit
803 2605 825 2650 s,
837 2601 876 2650 Vi·

48 2669 101 2722 nis,
117 2666 190 2730 quim
202 2666 265 2730 quod
277 2668 314 2722 is,
329 2684 354 2711 ne
367 2683 412 2712 vos.
429 2669 556 2717 Lambinus
567 2670 735 2733 reiragantibus
745 2666 799 2716 mis.
810 2664 879 2712 finxit

48 2730 85 2779 bis
91 2746 99 2786 3
116 2735 201 2793 Egone?
216 2747 242 2776 se
252 2731 283 2774 bia
293 2730 468 2792 quidemtantum
478 2736 521 2783 &a
539 2745 652 2792 tanquam
665 2733 774 2794 Epicurus
785 2732 832 2776 bac
842 2728 879 2773 lo·

49 2805 120 2850 atum
142 2791 212 2856 plane
224 2804 306 2840 contra
323 2805 429 2839 mentem
439 2795 472 2842 bc
483 2795 600 2842 rationem
614 2795 728 2844 orationis
744 2827 752 2849 ‚
768 2790 785 2839 fi
802 2789 877 2836 modo

48 2853 147 2918 idquam
159 2855 209 2903 heic
219 2854 328 2918 percipio.
362 2857 427 2904 Grua.
870 2867 881 2875 ··

48 2928 85 2976 ⁶7.
104 2926 160 2966 Nam
172 2931 261 2981 utraque
273 2921 296 2963 in
304 2929 364 2979 parre
374 2920 443 2962 multa
455 2919 576 2977 dicuntae]
600 2923 662 2967 Bene
672 2917 773 2966 correxit
784 2915 881 2964 Lambi·
960 2932 963 2936 ’

48 2996 75 3037 s,
88 2977 193 3029 ficenim
203 2979 262 3029 solet
273 2980 402 3041 exprimere
412 2981 511 3036 Cicero,
527 2981 591 3043 quod
612 2983 678 3029 Plato
693 2982 717 3028 in
733 2978 828 3028 Pbaedro
843 2979 880 3027 'aa’

48 3040 220 3099 talem-dixit.
253 3047 264 3090 1
282 3042 304 3091 se
325 3042 350 3089 in
366 3046 467 3090 Oratore
487 3049 509 3088 in
529 3049 646 3089 contrarias
664 3055 735 3105 partes
751 3042 798 3090 boc
818 3040 881 3090 dicit.

48 3120 149 3168 rumque
158 3118 183 3153 ut
194 3056 286 3160 aliud:
298 3101 439 3166 ebryfippus
447 3105 480 3155 ita
491 3104 592 3161 iudanos
601 3109 685 3165 uipera,
699 3105 724 3152 ἃ
740 3104 770 3152 'aar
784 3105 818 3151 cai
832 3123 883 3152 ruv-

48 3187 57 3214 ι
68 3170 149 3230 alpos,
166 3183 195 3215 ex
206 3164 372 3216 consuetudine
383 3166 579 3215 Academicorum
590 3167 649 3215 dixit
660 3165 722 3231 apud
734 3167 881 3215 Plutarchum

53 3229 114 3280 libro
125 3230 154 3278 de
165 3233 295 3279 Stoicorum
306 3231 473 3292 repugnantiis.
506 3233 532 3277 P.
540 3231 612 3279 Faber.

48 3301 87 3340 ⁶8.
103 3297 135 3338 ‘Ut
145 3295 171 3344 ἐφ’
181 3296 237 3355 quod
246 3295 366 3339 movebitur
375 3293 432 3349 isa]
446 3290 514 3339 Nihil
521 3293 603 3351 juvant
613 3289 664 3341 mss'.
676 3291 761 3348 n0st1i3
769 3290 882 3354 nifiquod

48 3368 129 3420 tegant
140 3354 251 3405 Lambini
260 3354 409 3414 conjestandi
420 3367 495 3401 artem
505 3355 680 3417 ineptiffimam.
698 3357 789 3418 quippe
799 3356 881 3403 omnia

49 3419 106 3468 bent
118 3419 217 3480 vulgatis
227 3417 311 3466 similia
324 3451 331 3473 ,
346 3415 387 3465 nifi
404 3416 470 3478 quod
486 3418 533 3466 Pal.
550 3417 625 3470 secun.
641 3421 666 3469 δι
682 3421 704 3480 S,
720 3418 821 3469 titteris
831 3433 881 3466 nou
955 3452 957 3457 -

49 3479 148 3534 noscant
155 3480 295 3548 particulam
307 3482 340 3533 d.
374 3484 466 3531 Gruter.
649 3512 652 3517 .

430 3546 472 3593 Ia's'
485 3544 526 3592 t‘t't'
538 3545 551 3594 ι’
565 3558 576 3600 ς
790 3549 826 3599 69.
843 3541 883 3589 So·
