2318 3914
250 108 442 179 Lauren
483 115 732 183 Patruus.
867 135 948 204 ²343

59 232 169 295 malunt
182 226 260 289 scribi
273 224 290 286 i
304 226 403 296 nobis,
422 228 498 303 aequi
520 224 574 288 esse
588 227 690 288 debent
699 225 831 304 ,qudd&
843 224 943 303 scripta

46 304 151 371 'multa
166 306 244 376 sunt,
262 303 299 364 fic
313 315 345 362 ut
359 303 435 380 plura
449 304 587 364 neminie
607 305 703 365 nostris
718 347 727 375 ‚
747 306 777 364 δι
789 303 940 365 scribentur

59 381 174 447 sortasse
191 383 290 459 plura,
309 379 329 439 fi
344 382 402 438 vita
415 379 557 458 suppetet:
579 383 608 442 &
622 393 718 441 tamen
733 381 782 456 qui
795 380 939 457 diligenter

60 463 146 533 haec,
165 476 230 538 quae
244 457 280 516 de
294 456 466 533 philosophia
479 457 574 516 litteris
588 458 769 526 mandamus,
787 457 880 534 legere
901 456 941 517 as
1024 476 1029 491 ¹

61 539 200 607 sueverit,
217 534 352 612 judicabit
366 533 440 593 nulla
454 533 489 593 ad
509 533 660 610 legendum
683 535 726 594 his
747 530 800 594 esse
820 535 940 627 potiora.

59 615 132 695 quid
146 614 184 673 est
198 613 275 672 enim
290 613 320 669 in
335 609 391 668 vita
405 621 549 686 tantopere
563 610 765 689 quaerendum,
779 628 865 688 quam
874 609 939 669 cbm

61 693 164 752 omnia
177 692 207 750 in
242 687 421 762 bilosopbia,
441 699 502 746 tum
516 687 568 759 id,
588 687 667 766 quod
687 688 728 746 his
747 688 819 747 libris
837 690 940 764 quaeri·

57 781 125 839 tur,
145 709 280 843 equitsfit
294 763 355 822 finis
369 805 379 832 ,
397 758 481 843 fquid
497 776 672 835 extremum,
692 763 704 807 t
708 763 776 842 quid
789 764 961 835 ultimum,e
973 765 1027 831 quse

60 843 125 923 quo
139 843 193 902 fint
206 842 302 900 omnia
316 840 386 899 bene
406 841 519 901 vivendi
545 841 675 919 testesque
690 841 810 901 faciendi
825 831 1023 901 confilia‘dar·

59 916 233 982 reserenda?
253 916 319 994 quid
333 916 458 994 sequatur
472 931 566 978 natura
582 963 591 990 ,
612 932 642 977 ut
656 918 796 977 summum
811 937 846 977 ex
861 918 938 977 rebus
946 891 1041 1004 {pfl-¹¹⁰³
1099 969 1106 977 .

63 993 250 1073 expetendis?
270 991 336 1070 quid
349 995 451 1070 fugiat,
471 1006 502 1052 ut
516 1008 673 1055 extremum
697 995 835 1054 malorum
853 992 866 1052 ἓ
885 1012 941 1072 qua
991 990 999 1005 “
1081 1014 1084 1021 ·

66 1074 105 1132 de
119 1091 149 1131 re
170 1071 234 1130 ciam
256 1069 289 1128 fit
308 1070 379 1129 inter
399 1070 569 1130 dostiffimos
590 1089 690 1148 magna
712 1069 862 1141 dissenfio,
881 1072 942 1147 quis

67 1151 192 1209 alienum
206 1157 285 1224 putet
298 1146 356 1220 ejus
377 1145 431 1205 esse
446 1147 601 1223 dignitatis,
628 1166 713 1225 quam
735 1149 805 1207 mihi
824 1149 942 1225 quisque

66 1227 163 1286 tribuit
184 1267 193 1295 ,
238 1221 338 1282 uodin
352 1225 433 1282 omni
455 1241 570 1285 munere
592 1227 658 1285 uitae
679 1225 820 1301 optimum
848 1226 878 1284 δι
892 1243 943 1286 νον

67 1303 203 1363 riffirnum
218 1242 250 1359 st
269 1299 435 1376 exquirere?

107 1380 173 1448 An,
192 1391 283 1454 partus
303 1376 411 1434 ancillae
425 1376 493 1436 sitne
506 1378 536 1436 in
552 1377 642 1436 sruslu
656 1376 812 1443 habendus,
833 1375 942 1438 differe·
987 1385 1014 1432 1’·
1028 1384 1058 1430 a.

66 1468 114 1515 tur
127 1458 199 1514 inter
212 1454 347 1529 principes
361 1454 494 1523 civitatis,
514 1455 544 1512 P.
559 1454 715 1513 Scaevolam
730 1497 739 1525 ‚
760 1456 834 1513 sM'.
848 1456 942 1516 Mani·
954 1465 987 1508 η
1120 1452 1123 1461 ’

66 1531 160 1591 lium?
180 1531 213 1588 ab
227 1532 323 1606 hisque
337 1530 381 1588 M.
396 1529 493 1589 Brutus
507 1527 658 1600 dissentiet,
678 1529 756 1607 qudd
777 1533 808 1591 &
828 1539 968 1592 acutums
982 1524 1021 1573 Μ·
1031 1533 1080 1584 ‘1¹¹⁸

69 1626 159 1682 genus
180 1607 240 1675 est',
260 1609 290 1665 ὃ(
311 1604 347 1664 ad
367 1605 427 1664 usus
447 1608 551 1665 civium
573 1624 632 1665 non
647 1607 758 1667 inutile:
779 1627 887 1685 nosque
907 1588 1026 1669 ea‘srs'·

70 1685 169 1758 scripta
194 1683 351 1758 reliquaque
372 1682 497 1758 ejusdem
519 1685 625 1758 generis
640 1686 670 1742 &
686 1685 801 1758 legimus
814 1687 940 1755 libenter,

71 1761 104 1818 &
116 1760 254 1836 legemus:
275 1761 354 1827 haec,
374 1776 438 1835 quae
452 1761 538 1818 vitam
554 1762 699 1820 continent
713 1778 849 1830 ornnem,
869 1761 965 1821 hne·b
978 1764 1057 1829 degli·

70 1836 229 1913 gligentur?
248 1854 333 1903 nam,
352 1846 384 1894 ut
400 1835 451 1894 stnt
463 1834 507 1894 iila
522 1836 716 1905 vendibiliora,
737 1837 799 1896 haec
815 1839 939 1898 uberiora
949 1840 1036 1893 sm

70 1911 147 1977 certe
160 1911 229 1971 sunt.
268 1930 438 1988 quamquam
452 1911 481 1970 id
496 1913 608 1987 quidem
625 1913 716 1971 licebit
730 1914 761 1972 iis
777 1914 941 1985 existimare,
948 1892 982 1941 ‘⁴¹‘
989 1903 1029 1956 μ’

94 1990 123 2049 ui
136 1989 261 2063 legerint.
300 1989 360 2046 Nos
374 2002 468 2047 autem
484 1988 555 2047 banc
570 2006 686 2048 omnem
708 1990 890 2066 quaestionem
905 1990 941 2051 de

71 2007 172 2125 §nibus
193 2066 334 2123 bonorum
355 2066 385 2123 ὃ(
407 2064 544 2124 malorum
570 2064 628 2124 sere
648 2065 664 2123 d
686 2066 765 2126 nobis
789 2065 943 2142 ¹⁸explsca·

71 2155 131 2201 tam
147 2139 245 2200 esseiis
259 2141 353 2200 litteris
367 2141 543 2211 arbitramur,
563 2143 721 2218 inquibus,
740 2156 876 2221 quantum
891 2162 945 2220 po-

72 2220 200 2288 tuimus,
220 2236 279 2276 non
294 2216 382 2275 modb
403 2217 469 2294 quid
491 2219 569 2278 nobis
591 2219 772 2293 probaretur,
791 2220 838 2280 sed
859 2223 943 2282 etiam

72 2294 171 2428 quidsi
186 2294 293 2369 singulis
308 2294 489 2370 philosophiae
510 2293 668 2371 idisciplinis
682 2297 834 2369 diceretur,
854 2293 1094 2410 perse-w&

73 2383 132 2430 eutr
157 2389 246 2429 umus.
690 2402 696 2417 ·
771 2394 773 2398 ·
1004 2395 1013 2412 ·

59 2432 62 2437 ’
113 2447 151 2504 V.
172 2449 200 2504 U
211 2467 229 2504 τ
251 2467 295 2504 ao
305 2466 323 2505 r
335 2467 350 2505 n
360 2468 381 2506 rr
396 2446 413 2506 'a
426 2448 560 2506 facillimis
573 2447 729 2521 ordiamur,
749 2452 837 2528 prima
851 2455 944 2513 veniat
956 2465 989 2526 13

73 2525 103 2583 in
119 2524 243 2582 medium
258 2524 370 2599 Epicuri
384 2526 472 2592 ratio,
491 2542 556 2600 quae
575 2526 710 2602 plerisque
731 2528 869 2588 notiffima
889 2530 943 2589 est:

71 2599 161 2678 quim
176 2600 190 2657 a
207 2601 285 2658 nobis
299 2598 335 2657 sic
350 2601 482 2675 intelliges
496 2602 667 2677 expositam,
687 2615 717 2661 ut
727 2604 761 2662 ab
774 2604 873 2680 lipsis,
894 2607 969 2684 quite
982 2607 1061 2659 bird·

73 2695 139 2736 eam
155 2675 323 2749 disciplinam
340 2677 480 2751 probant,
499 2697 558 2737 non
581 2678 665 2737 soleat
686 2681 835 2740 accuratius
858 2685 986 2759 expli-tt·

71 2755 140 2813 cari.
180 2770 276 2810 verum
298 2753 373 2810 enim
397 2755 520 2813 invenire
541 2755 694 2826 volumus,
714 2776 773 2816 non
800 2771 945 2834 tamquam

72 2828 258 2888 adversarium
273 2829 394 2905 aliquem
408 2832 583 2890 convincere.
604 2832 741 2890 Accuratd
752 2846 844 2892 autem
853 2853 946 2910 quon·

73 2908 141 2965 darn
156 2905 177 2964 a·
196 2906 230 2964 L.
246 2905 395 2981 Torquato
411 2950 420 2976 ,
438 2908 556 2966 homine
575 2911 655 2966 omni
677 2907 801 2969 doumt
817 2911 965 2982 erudito„

75 2981 223 3042 ¹9desensu
234 2981 276 3041 est
292 2982 404 3058 Epicuri
418 2983 548 3044 sententia
570 2984 605 3044 de
631 2984 788 3060 voluptate,
809 2986 944 3066 dmeque

919 3083 946 3127 a
1037 3076 1040 3081 ,

109 3279 146 3320 ¹8.
164 3274 302 3336 Explicatur»
311 3274 350 3335 effe
361 3277 390 3321 iss
403 3275 481 3322 litteris
492 3276 644 3332 arbitramus]
664 3276 696 3322 lis
707 3276 769 3324 libris
778 3277 812 3328 esi
822 3278 848 3328 in
858 3293 945 3329 manu·

70 3335 176 3398 scripto,
189 3338 218 3385 ἀ
228 3339 261 3385 itu
272 3337 363 3386 videtur
374 3338 508 3401 legendum.
542 3339 615 3396 vrfin.

109 3413 145 3451 19·
163 3400 257 3458 Defensa
273 3402 302 3463 est
318 3406 409 3477 Epicuri
419 3403 524 3462 sententia
535 3405 561 3452 de
574 3402 703 3466 volumus]
731 3405 888 3462 Maouadc‘ittr
903 3407 943 3456 eit

70 3461 354 3525 perpendentem.
385 3467 453 3519 Idem.

334 3540 343 3565 r
864 3546 902 3578 20.
918 3538 941 3582 C.
