2318 3914
242 123 440 191 Linea
483 123 783 207 Quintus.
830 128 834 135 '
881 152 965 221 2547

70 231 133 292 hilo
153 229 307 291 beatiorem
321 226 376 289 effe
397 226 548 287 Metellum
581 227 668 306 quam
688 232 837 308 Regulum.
878 235 948 297 Inde

75 308 180 383 igitur,
198 308 313 384 inquit,
331 302 503 383 audiendum
524 305 571 364 est.
612 305 727 367 Tamen
749 307 765 366 ia
787 311 929 386 proposito
943 325 995 405 ,83

76 384 211 460 inquam,
229 383 443 443 ‘aberravimus
481 382 657 453 nonenim,
675 383 816 459 inquam,
835 405 971 462 quaero,c
986 403 1078 456 abem-

76 459 147 537 quid
166 478 282 531 uerum,
308 458 354 519 sed
371 458 438 535 quid
459 459 560 534 cuique
581 457 732 519 dicendum
754 460 795 521 sat.
833 464 950 526 Utinam
958 472 1082 523 murmur.

77 537 193 610 quidem
207 536 331 596 dicerent
344 534 429 593 alium
443 533 499 593 alio
512 534 665 595 beatiorem
675 539 684 593 ¹.
694 537 754 611 jain
771 539 860 598 ruinas
874 542 953 602 vide·

77 629 129 671 res.
166 614 196 673 in
218 614 320 672 virtute
341 612 418 670 enim
439 608 496 669 sola
523 612 553 670 ὃ(
574 610 675 686 inipso
697 613 814 673 honesto
835 614 900 674 ciam
920 618 954 680 sat

77 687 186 749 bonum
199 688 346 764 positum,
373 688 496 763 cumque
517 704 571 745 nec
584 688 694 757 virtus,
719 704 751 749 ut
770 691 860 765 placet
887 693 956 765 illis,

76 781 132 823 nec
145 766 293 826 honestum
308 764 426 833 crescat,
445 763 529 840 idque
544 764 651 822 bonum
665 763 754 825 solum
768 766 817 836 fit,
831 786 889 844 quo
903 774 952 847 qui

74 842 197 914 potiatur
211 883 220 910 ,
241 838 347 901 neceile
362 840 400 898 eli
414 841 508 899 beatus
521 838 569 910 fit,
584 839 650 899 cum
664 841 693 900 id
707 845 800 918 augeri
813 863 872 904 non
888 848 956 921 pos·

76 914 134 987 fir,
155 920 184 977 in
210 934 269 993 quo
288 936 346 976 uno
367 915 486 992 politum
509 916 546 974 est
565 916 677 975 beatum
699 916 769 977 elle:
789 920 840 1054 effi
860 924 949 996 potest

74 992 130 1053 elle
144 997 289 1070 quisquam
303 994 369 1053 alius
382 992 437 1050 alio
450 989 575 1051 beatior?
595 994 727 1064 uidesne,
746 1005 777 1053 ut
817 1014 859 1055 aec
880 1016 951 1059 con·

76 1072 192 1130 cinant?
212 1071 248 1130 Et
262 1068 384 1131 Hercule
405 1068 573 1141 (fatendum
593 1068 632 1128 est
646 1072 722 1129 enim
748 1072 826 1149 quod
847 1073 950 1151 sentio)

24 1204 28 1210 .
75 1147 205 1209 mirabilis
228 1145 266 1206 est
288 1144 361 1222 apud
380 1143 442 1204 illos
468 1158 614 1204 contextus
642 1163 742 1207 rerum.
781 1148 946 1225 respondent

75 1237 199 1285 extrema
213 1225 324 1300 primis,
343 1220 436 1281 media
450 1224 513 1280 utris
535 1239 588 1292 ue,
607 1224 703 1283 omnia
717 1225 861 1283 omnibus:
879 1228 948 1303 quid

74 1298 216 1377 sequatur,
235 1299 303 1380 quid
316 1311 468 1374 repugnet,
488 1240 592 1361 vident.
629 1296 678 1357 din
690 1302 843 1375 geometria
875 1306 970 1364 rimad
986 1311 1025 1368 δι,
1037 1317 1095 1366 urin

45 1384 49 1391 “
75 1376 96 1436 fi
117 1378 247 1448 dederis,
275 1375 364 1435 dandt
384 1376 446 1433 sunt
468 1376 572 1433 omnia.
605 1377 730 1435 concede
744 1377 840 1437 nihile
861 1377 1026 1441 ebo-Lm·

75 1470 144 1517 num
160 1498 170 1526 ,
188 1454 239 1514 nifi
260 1452 340 1530 quod
357 1450 504 1511 honestum
525 1449 579 1509 fit:
607 1451 819 1531 concedendum
842 1454 896 1525 est,
916 1458 944 1517 io

24 1560 30 1601 ·.
76 1533 176 1592 uirtute
190 1532 245 1590 sola
259 1529 377 1606 positam
392 1523 446 1586 effe
459 1526 566 1586 beatam
581 1528 676 1588 ultam.
717 1529 791 1589 Vide
804 1533 889 1589 rursus
902 1550 947 1593 re·

28 1658 39 1677 ,
75 1621 128 1698 tro.
155 1608 219 1669 dato
239 1609 321 1679 hoc,
347 1603 470 1669 dandum
492 1604 543 1662 erit
562 1602 638 1665 illud.
676 1605 753 1682 quod
780 1606 860 1667 uestri
880 1626 940 1669 non
982 1619 1006 1669 r.
1028 1620 1054 1670 1.

75 1698 155 1745 rtem.

111 1764 180 1823 Tria
192 1778 294 1838 genera
305 1760 456 1819 bonorum.
493 1757 658 1833 eproclivius
671 1760 753 1819 currit
766 1763 871 1821 oratio:
892 1782 942 1825 ue·
951 1766 987 1836 84

25 1910 29 1916 ,
69 1839 112 1901 nit
125 1841 161 1900 ad
175 1852 347 1899 extremum:
367 1836 455 1895 haeret
467 1836 496 1894 in
509 1835 623 1898 salebra:
643 1839 718 1910 cupit
738 1839 813 1896 enim
829 1839 1092 1917 dicere,e·rnp10011.

72 1916 152 1977 Nihil
165 1915 240 1992 polle
255 1915 290 1973 ad
310 1915 419 1971 beatam
440 1912 525 1970 vitam
547 1909 636 1971 deeffe
655 1911 777 1988 sapienti.
814 1916 939 1977 Honesta
948 1920 972 1955 l¹
982 1910 1057 1959 Lm·

70 1995 178 2053 oratio:
200 1991 354 2055 Socratica.
373 1987 493 2047 Platonis
514 1988 607 2047 etiam.
644 1988 748 2047 Audeo
769 1990 878 2061 dicere,
897 1994 940 2053 in-

67 2073 139 2147 quit.
178 2070 246 2128 Non
267 2064 379 2142 potest,
405 2062 455 2123 nifi
467 2061 629 2123 fretexueris
649 2063 693 2122 illa
716 2085 723 2122 :
757 2079 898 2141 paupertas
917 2058 966 2133 fif.
983 2072 1091 2137 “lew

70 2148 176 2207 malurn
191 2145 247 2215 est,
267 2141 411 2201 mendicus
425 2140 518 2197 beatus
533 2136 586 2197 elle
600 2157 687 2199 nemo
702 2135 1042 2236 potest‚quemvisw1·

69 2224 102 2284 sit
114 2225 227 2300 sapiens.
248 2220 286 2279 At
298 2220 379 2279 Zeno
393 2233 459 2277 eum
474 2231 534 2274 non
548 2217 660 2275 beatum
674 2216 781 2288 modb,
800 2218 940 2281 sedetiam
1017 2221 1027 2239 ‘

72 2304 189 2363 divitem
205 2300 296 2358 dicere
310 2293 386 2355 ausus
400 2293 446 2352 est.
465 2291 589 2362 Dolere‚
609 2292 731 2353 malum:
752 2295 940 2357 reincrucem

70 2382 119 2457 qui
135 2379 221 2453 agitur
247 2376 339 2433 beatus
362 2367 415 2428 effe
429 2387 488 2428 non
496 2369 598 2454 potest.
636 2368 764 2439 Bonum,
784 2370 941 2433 liberirmi-

69 2458 126 2517 sera
140 2456 247 2514 orbitas.
284 2449 390 2507 bonurn
406 2487 416 2515 ,
434 2458 540 2520 patna:
568 2445 696 2505 miserum
718 2446 852 2509 exsilium.
890 2449 950 2510 bo«

68 2550 158 2601 num,
178 2526 317 2594 ualitudo:
338 2521 485 2590 miserum,
505 2521 625 2583 morbus.
657 2522 782 2593 bonum,
802 2525 941 2600 integritas

68 2608 216 2684 corporis:
245 2600 339 2661 misera
361 2596 489 2658 debilitas.
525 2597 631 2659 bonum
648 2641 656 2667 ,
676 2600 823 2658 incolumis
844 2604 939 2661 acies:
997 2658 1003 2675 ,

69 2685 169 2745 misera
184 2682 298 2740 caecitas.
317 2693 381 2751 quae
396 2672 415 2730 sr
429 2673 518 2749 potest
531 2672 632 2761 singula
646 2675 815 2735 consolando
830 2677 941 2747 levare,

67 2759 195 2823 uniuersa
208 2775 266 2833 quo
280 2752 369 2811 modo
381 2747 538 2808 sustinebit?
557 2752 588 2809 lrt
601 2750 676 2810 enim
690 2751 764 2809 idern
779 2769 884 2821 caecus,
894 2752 943 2813 de-

67 2841 145 2907 bilis,
165 2834 266 2894 morbo
280 2827 434 2904 graviffimo
448 2824 578 2896 affebius,
598 2828 671 2886 exsul
687 2869 697 2896 ,
716 2827 823 2897 orbus,
842 2845 943 2901 egem.

68 2927 231 2993 torqueatur
245 2907 343 2969 eculeo
359 2925 366 2963 2
386 2918 472 2979 quem
485 2903 560 2962 hunc
575 2904 692 2979 appellas
704 2902 942 2990 ZenoiBeatum,

900 2998 945 3041 rn-

103 3225 141 3265 73.
156 3214 181 3254 ln
191 3225 270 3256 crucem
280 3207 320 3272 qui
329 3208 421 3269 agitem]
450 3206 486 3255 Sic
498 3197 604 3265 proxim}
616 3196 663 3245 rat.
676 3206 752 3260 quart.
763 3208 849 3258 nempe
859 3198 882 3241 in
892 3211 942 3243 crre-
991 3218 993 3223 ·

68 3291 90 3320 cc
104 3275 143 3331 qui
153 3275 237 3333 angitur
248 3291 256 3331 5
273 3268 338 3335 quod
353 3280 434 3316 tanren
445 3265 561 3333 displicuit
573 3264 598 3310 bc
612 3266 634 3310 P.
644 3260 756 3330 Manutio
767 3262 791 3307 bc
804 3258 923 3331 lambino
934 3276 943 3316 ς

66 3340 150 3398 iraque
161 3336 186 3383 bc
197 3336 295 3385 alterum
307 3335 332 3382 in
342 3340 482 3382 contextum
493 3336 640 3390 receperunt,
656 3322 695 3374 sed
705 3336 786 3372 tamen
797 3320 848 3395 post
860 3320 943 3370 visto·
959 3378 968 3384 ..

65 3403 143 3454 tium,
159 3410 232 3459 quem
242 3400 314 3448 miror
326 3393 355 3444 ab
367 3392 422 3456 iplis
434 3396 506 3446 rarius
516 3389 657 3440 coniultum.
674 3399 724 3439 erat
732 3387 761 3436 'io
773 3384 943 3449 Scaligerano,

65 3468 87 3509 in
99 3479 158 3512 eruce
167 3463 208 3526 qm'
217 3465 295 3525 agitur.
330 3460 423 3509 Gruter.
903 3510 908 3519 ι

239 3532 250 3571 l
441 3526 509 3572 alea
524 3529 577 3567 aaa
591 3529 625 3563 u
641 3530 653 3572 3
800 3524 839 3568 74.
857 3509 943 3571 Qrppc
