2318 3914
214 128 462 197 ‘'Irrnnn
503 127 799 201 Tuntrus.
901 153 981 223 2707

107 244 251 316 &quarta
279 241 364 300 virtus
387 250 419 298 ut
438 238 471 296 fit
486 237 541 312 ipsa
559 237 703 312 frugalitas.
741 238 799 313 ejus
813 241 887 300 eninr
903 244 983 305 vide-

112 330 157 374 tur
171 314 223 375 elle
237 319 402 391 proprium,
423 327 516 372 motus
536 315 623 372 animi
642 315 792 387 appetentis
823 334 916 393 regere
949 322 981 381 &

110 392 219 461 sedare,
239 392 399 468 semperque
414 389 601 457 adversantem
616 388 737 459 libidini,
757 391 928 451 moderatam
947 398 978 457 in

49 501 54 509 ·
110 470 192 527 omni
213 485 242 525 re
263 468 369 526 servare
390 466 579 526 constantiam.
617 466 662 522 cui
689 468 854 526 contrarium
879 473 976 532 vatium

108 544 231 620 nequitia
246 544 354 603 dicitur.
391 543 536 617 Frugalitas
551 584 560 610 ‚
580 553 611 600 ut
624 541 725 616 opinor
740 584 749 612 ‚
770 540 785 600 r
800 544 877 620 fruge
892 564 900 604 ι
920 548 974 623 qui
988 554 1022 614 18

107 620 177 678 nihil
199 620 296 677 melius
320 619 457 677 esserra.
495 618 617 693 nequitia
638 618 672 675 ab
693 637 752 687 eo,
772 618 832 692 (etfi
853 622 909 679 hoc
923 625 1000 693 eritq
1016 637 1077 683 rena

50 738 53 744 .
106 693 218 754 fortaffe
239 696 352 754 durius:
388 695 470 754 ³¹sed
488 695 617 753 temerius
630 690 715 752 lustffe
729 708 874 768 putemur,
894 695 915 756 st
932 692 1112 772 morituram,

101 769 152 844 iit)
172 771 272 841 abeo,
292 772 369 846 quod
382 771 603 846 tnecquidquam
624 769 702 828 estin
724 771 769 831 tali
782 771 913 832 homine:
934 793 969 833 ex
980 752 997 803 f
1008 761 1109 839 nequrqf

104 864 166 921 quo
180 847 275 917 idem,
295 848 390 906 ⁸nihili
403 849 508 907 dicitur.
547 847 594 920 qui
607 844 639 904 fit
653 846 725 920 frugi
738 848 820 921 igitur
836 891 843 914 ,
864 849 908 906 vel
922 892 930 918 ‚
950 824 1111 931 fiffugiffiff’·

107 925 214 990 mavis,
234 923 391 983 moderatus
416 927 445 982 δε
469 936 646 997 temperans,
665 939 731 983 eum
747 922 854 982 nccelle
868 925 905 984 est
919 925 971 986 effe
982 945 1121 1000 mssffithrr

105 1000 293 1058 constantem:
313 1002 361 1075 qui
375 1012 467 1059 autem
490 999 638 1066 constans,
658 997 785 1074 quietum
805 1019 812 1057 ε
832 1003 880 1077 qui
893 1003 1084 1076 quie-idemed.

105 1087 173 1144 tus,
192 1076 393 1149 perturbatione
412 1077 491 1134 omni
512 1091 654 1134 vacuum:
675 1092 741 1149 ergo
763 1075 845 1134 etiarn
861 1080 1025 1153 aegritu-w·

104 1149 194 1285 dirred
217 1153 247 1209 &
259 1151 320 1209 sunt
332 1152 375 1210 illa
388 1152 527 1235 sapientis:
548 1149 632 1208 aberit
652 1151 734 1226 igitur
755 1148 771 1209 d
793 1151 911 1228 sapiente
931 1171 970 1213 ae·

102 1240 176 1302 gntu
196 1244 223 1285 o.

143 1303 192 1360 lX.
214 1303 360 1372 lrtouu
389 1321 464 1362 aon
489 1300 582 1363 inscite
609 1302 788 1362 Heracleotes
816 1304 967 1384 Dionysius

99 1378 136 1436 ad
152 1397 183 1436 ca
199 1378 330 1453 disputat,
351 1395 416 1455 quae
428 1381 501 1454 apud
514 1381 673 1439 Homerum
693 1379 814 1439 Achilles
827 1385 967 1458 queritur,

50 1472 53 1477 ·
101 1455 370 1529 hoc,¹utopinor,
391 1457 496 1529 modo,
610 1511 612 1517 ,
972 1477 1114 1540 tutoestu

140 1616 143 1623 Ι
176 1555 276 1626 Corque
287 1567 375 1605 meum
384 1530 617 1625 penitus'turgesct't
629 1545 741 1619 tristibus
753 1547 815 1614 iris,
969 1539 1023 1587 MS.

178 1623 249 1681 Cdm
263 1624 361 1694 decore,
381 1641 459 1703 arque
474 1624 544 1682 omni
557 1645 597 1681 me
612 1623 733 1680 orbatum
747 1621 824 1680 laude
836 1625 959 1687 recordor.

51 1780 56 1791 ι
136 1711 214 1767 Num
238 1728 334 1768 manus
356 1710 453 1769 affecta
473 1708 546 1769 redte
567 1711 627 1777 est,
647 1710 711 1770 cum
728 1711 755 1768 in
770 1723 881 1771 tumore
895 1704 933 1773 est
948 1713 960 1772 ἓ
974 1726 1008 1786 19

99 1796 183 1844 s2aut
198 1805 266 1844 num
286 1786 472 1862 aliquodpiam
495 1786 652 1844 membrum
674 1787 812 1846 tumidum
832 1805 863 1846 ac
878 1792 963 1866 turgi-

891 1866 960 1929 dum

95 2025 150 2061 tant
161 2015 230 2073 neceffe
242 2013 288 2072 est:
304 2027 327 2061 at
342 2027 424 2062 eorum
439 2014 464 2064 iu
482 2019 545 2064 MSS.
562 2030 605 2065 nec
620 2014 676 2065 vole
692 2028 735 2062 nec
750 2013 890 2078 vestigium,
905 2018 931 2067 δι
947 2017 962 2068 d

96 2075 175 2124 sciolis
189 2076 281 2124 fuerunt
295 2076 399 2136 adiudha,
415 2077 480 2140 quod
490 2081 534 2128 illo
545 2077 620 2129 modo
635 2077 729 2127 vitiosus
740 2076 804 2130 hicce
819 2075 963 2130 locussana-

97 2140 117 2186 ri
128 2135 194 2201 porse
204 2139 332 2188 videbatur.
365 2143 446 2200 David
568 2134 588 2181 ὓ
889 2166 892 2173 ·

45 2243 48 2250 ,
128 2217 166 2256 31.
185 2204 227 2249 Sed
236 2217 335 2249 tentemus
344 2204 371 2253 dr
381 2204 447 2263 lufiffe
455 2216 566 2264 putemur,
580 2204 636 2259 dec]
652 2206 742 2252 Omnes
751 2201 801 2252 fere
816 2201 888 2251 nostri
902 2202 960 2257 labb.

93 2274 152 2310 velt.
166 2263 266 2319 habent,
285 2281 327 2328 pro
333 2266 372 2324 sed
382 2279 482 2313 tentemus
493 2269 537 2319 dyc,
546 2267 585 2326 sed
596 2270 694 2314 temerius
700 2266 779 2328 jufflffe
804 2280 894 2315 utente.
923 2271 959 2316 Ac

94 2325 179 2384 juffilse
189 2328 284 2391 quidem
295 2343 338 2390 pto
350 2327 417 2389 lufiffe
429 2329 536 2393 scriptum
547 2344 597 2378 non
608 2343 746 2376 memoret.
769 2279 803 2376 eid
811 2331 877 2377 enim
887 2325 958 2378 ulica·

90 2401 146 2436 rum
157 2392 289 2446 mendum,
308 2394 391 2454 ipro!
405 2425 413 2447 ,
433 2395 458 2441 bc
470 2394 573 2441 contri!
589 2406 631 2454 pro
647 2394 657 2436 i
671 2392 699 2438 ab
715 2391 763 2438 illis
780 2390 887 2452 scripturn
902 2390 956 2443 effe.

93 2449 147 2506 sed,
164 2454 220 2514 quid
231 2452 272 2501 libi
284 2454 338 2501 velit
350 2454 396 2501 hoc
406 2461 502 2502 temerius
515 2469 606 2517 quaeto:
623 2453 637 2501 d
648 2468 697 2516 quo
708 2454 745 2500 vul
765 2467 829 2502 atum
840 2469 955 2511 tentemus,

92 2513 160 2574 quod
172 2516 260 2562 viderur
271 2517 442 2574 incorruptum,
458 2530 508 2565 tam
519 2515 592 2598 louge
602 2514 668 2565 absit.
700 2468 763 2576 Quid
773 2515 792 2564 fi
803 2517 908 2568 dicamus
923 2516 956 2567 fic

92 2575 140 2624 elle
155 2577 168 2631 ‘a
181 2581 296 2627 Cicerone
306 2576 414 2641 scriptum
425 2582 434 2627 l
445 2582 482 2639 scd
496 2586 584 2626 renerius
595 2579 661 2639 lufiffe
676 2593 781 2639 paremur,
806 2585 897 2628 amerius
912 2593 955 2628 su·

92 2654 161 2694 tem,
176 2641 200 2690 id
211 2640 242 2692 eil
253 2640 391 2697 delicatius,
413 2643 508 2690 mollius
520 2676 527 2698 ,
543 2638 660 2703 iocosius,
676 2643 801 2706 puerilius,
818 2643 953 2704 τρυφερώτα-

91 2721 131 2759 pov.
152 2705 271 2753 Lambinus.
304 2705 346 2748 Sed
356 2709 453 2751 temerius
462 2706 529 2764 lufiffe
536 2710 654 2766 potamum]
676 2710 743 2752 Hanc
753 2704 886 2766 scripturam
902 2719 953 2768 rep·

91 2767 141 2827 peri
151 2768 176 2814 in
188 2768 235 2814 rat.
247 2767 338 2827 quinto.
356 2765 421 2817 Fabi.
434 2771 459 2817 δι
475 2769 520 2815 1³21.
537 2780 589 2815 tert.
600 2780 625 2814 ut
637 2768 710 2815 etiam
721 2765 773 2814 libri
788 2765 871 2815 hamb.
886 2781 953 2816 temr-

86 2835 135 2875 rius
144 2830 227 2890 juffiffe.
245 2828 299 2875 hinc
310 2841 390 2877 tamen
400 2828 482 2878 hamb.
492 2834 583 2877 tenerius
597 2829 663 2888 luliffe
680 2847 688 2876 .·
706 2827 769 2891 quali
787 2831 886 2878 remeius
900 2844 951 2886 non

87 2892 201 2939 Latinum
213 2891 241 2939 stt
254 2892 266 2939 i
281 2906 362 2938 remen.
381 2894 518 2941 Vaticanus:
530 2895 568 2954 sed
580 2905 701 2952 temptemus
713 2891 778 2950 lussffe
791 2904 881 2952 putatos.
899 2893 952 2938 vul-

87 2955 135 3017 g‘o:
148 2956 187 3015 fed
197 2968 297 3002 tentemur
307 2955 332 3004 dt*
343 2955 407 3013 lussffe
415 2969 521 3017 putemur.
536 2953 654 3004 Gebhard.
687 2959 765 3013 Quam
775 2952 834 3002 bene
843 2967 872 3001 ex
888 2957 952 3002 vari·

86 3031 149 3066 cano
160 3018 267 3081 provenit
280 3020 288 3064 ἓ
299 3018 337 3075 sed
347 3031 460 3065 tentemus:
477 3019 542 3079 lufiffe
552 3030 625 3078 putato
638 3053 644 3071 ,
656 3017 676 3074 fi
686 3019 719 3062 nil
725 3017 762 3073 fit.
793 3020 902 3064 Groro.

121 3097 156 3134 ῃ.
173 3094 226 3129 Aur
235 3096 286 3127 nm
296 3081 385 3141 aliquod
394 3085 501 3141 quippiam
510 3084 645 3136 mimirum]
669 3085 704 3127 lta
715 3081 819 3141 quinque
831 3078 886 3135 Pall.
900 3081 951 3127 Gu-

64 3156 67 3177 2
87 3141 188 3192 lielmlus
200 3157 242 3207 pro
250 3143 339 3205 aliquod
349 3141 452 3192 malebat
460 3145 531 3192 atiud.
543 3143 615 3190 laudo
624 3139 891 3205 egomagisscripturam
899 3143 946 3191 Pal.

84 3218 162 3266 quart.
173 3203 436 3268 num'aeliqmdquirpiam
447 3208 584 3252 membrorum
593 3207 709 3254 tumidum.
726 3203 843 3254 Gebhard.
862 3209 888 3251 ln
901 3218 948 3265 qua

87 3268 198 3317 varietate
203 3285 252 3317 non
259 3270 329 3330 paulo
338 3267 447 3317 eruditius
452 3267 538 3317 decidit
549 3281 613 3331 pater
624 3267 648 3314 in
657 3269 720 3316 notis
727 3268 755 3315 ad
762 3267 853 3315 Livium
860 3277 946 3322 xu1‚6.

85 3328 228 3380 restituendo
242 3333 405 3395 aliquodpiam
425 3332 490 3394 quod
506 3331 646 3380 vocabulum
661 3329 710 3378 illic
720 3331 821 3392 pluribus
831 3331 948 3390 exemplis

81 3392 176 3449 firmat,
194 3396 302 3458 &quum
315 3411 355 3442 me
369 3397 394 3444 in
403 3394 521 3444 codicibus
537 3391 623 3456 scriptis
632 3393 772 3454 Quintiliani
787 3393 849 3442 idem
867 3389 947 3439 vidiss'e

83 3457 255 3516 meminerim,
274 3457 313 3507 ubi
327 3457 445 3523 hodieque
459 3469 596 3569 corrqqtqqq
609 3472 635 3569 qq
645 3454 713 3507 editis
727 3456 831 3523 legitur,
844 3469 896 3506 uon
912 3452 948 3502 fui

494 3526 513 3570 L
648 3533 659 3575 Ξ
891 3528 949 3565 ⁶⁰1¹·
