2318 3914
252 132 339 199 2554
458 115 520 182 Dr
540 117 629 184 Fru.
650 118 748 187 Bon.
768 136 818 185 nr
839 113 959 185 Mne.

175 244 178 250 ·
251 224 381 287 doleret?
399 226 467 287 illud
485 228 633 300 audierat,
650 248 705 291 nec
724 240 820 290 tamen
839 228 1003 299 didicerat,
1022 229 1131 291 matun

251 302 319 363 illud
332 321 391 364 non
405 302 476 372 effe,
495 305 559 382 quia
572 318 653 382 turpe
665 326 725 367 non
746 305 835 373 esset,
854 307 885 365 δε
905 315 934 359 9¹
944 302 1017 365 effet
1037 306 1130 367 seren·

251 378 321 441 dum
335 382 406 443 viro.
443 382 502 440 Hic
522 381 543 440 fi
562 384 757 458 Peripateticus
778 378 890 452 suisset,
910 380 1129 457 permaufiffet,

250 458 356 530 credo,
374 460 403 517 in
416 457 572 530 sententia,
592 462 727 535 quoniam
748 460 874 520 dolorem
896 459 999 519 dicunt
1020 460 1127 521 malum

249 533 313 595 esse.
351 536 387 595 de
400 536 540 611 asperitate
562 548 656 599 autem
676 539 734 614 ejus
754 536 860 595 sortiter
878 535 999 595 serenda
1031 539 1128 613 praecr·

250 614 331 688 piunt
347 612 470 682 eadem,
488 630 554 687 quae
573 614 683 683 Stoici,
703 614 734 673 bc
749 612 864 690 quidem
878 612 1017 672 Arcefilas
1040 625 1125 687 tuus,

252 689 303 749 etfi
323 690 375 748 fuit
395 689 425 749 in
447 687 600 749 differendo
625 691 816 766 pertinacior,
842 700 938 748 tamen
954 688 1055 749 noster
1067 691 1125 753 suit.

101 858 119 894 x
133 838 219 894 fimet
250 767 402 901 :ratsgrffnt
411 767 579 903 Polehmonis.
597 766 620 826 is
632 766 698 903 ccum
711 767 818 903 urgeret
823 765 965 901 {oidcaugrriae
972 765 1125 903 dcrrffirlrir,

101 910 213 1017 quezonr'·
250 860 305 988 rig,1
315 861 354 977 1&
366 860 817 997 ῐεήᾶζεειῇἓῗῗῖιῃωεῖῗιῗεεῐῗ,
837 860 927 1005 ἰξᾳυῇῑ
940 860 1123 989 ,pCarneade

101 975 178 1022 ω’·
250 995 357 1055 noster:
377 996 446 1055 nihil
472 997 546 1057 illinc
565 998 621 1056 huc
642 998 778 1073 pervenit.
813 994 934 1055 ostendit
963 995 1054 1071 pedes
1093 998 1121 1057 δι

247 1071 350 1147 pedus.
370 1083 492 1131 attamen
505 1074 551 1131 hic
564 1074 728 1145 malletnon
744 1074 847 1132 dolere.

202 1170 238 1227 95
287 1148 404 1207 XXXII.
424 1150 515 1208 an
533 1151 613 1224 igitur
634 1150 672 1209 est
684 1149 774 1215 nostra
788 1151 875 1217 ratio,
894 1165 963 1225 quae
977 1148 1032 1208 tibi
1045 1150 1117 1211 vide·

246 1236 291 1282 tur
305 1224 474 1285 inconstans:
495 1226 559 1284 cbm
574 1239 685 1302 propter
698 1226 803 1285 virtutis
815 1224 955 1285 caelertem
977 1227 1116 1302 quandam

248 1301 279 1358 δι
293 1302 433 1372 divinam,
452 1315 613 1378 tantamque
624 1302 824 1379 praestantiam,
843 1313 892 1372 ut,
911 1302 962 1361 ubi
972 1304 1061 1363 virtut
1073 1303 1116 1377 fit,

96 1388 114 1485 ἶ
133 1373 272 1430 latratu-92
280 1394 377 1454 resque
391 1397 518 1455 magnae,
536 1380 695 1449 sumendae,
714 1378 878 1438 ’laudabiles
898 1396 935 1439 ue
958 1378 1064 1439 virtute
1093 1400 1118 1441 e·

94 1450 238 1549 {wolff}
247 1453 310 1524 stae,
330 1455 366 1513 ibi
381 1453 434 1513 effe
449 1456 553 1514 miseria
580 1458 609 1521 dc
631 1473 756 1515 aerumna
770 1474 830 1541 non
844 1474 882 1531 po
899 1468 946 1543 ⁸t,
966 1398 1114 1525 tamenst·

96 1533 174 1611 Lm·
215 1518 237 1564 J·
247 1530 297 1590 bor
317 1532 397 1607 potiit
423 1534 453 1590 &
482 1532 625 1591 molestia:
653 1551 712 1592 non
732 1531 858 1591 dubitem
879 1531 998 1603 dicere,
1019 1552 1113 1595 omnes

163 1599 188 1627 '·
240 1606 372 1683 sapientes
385 1607 492 1683 semper
506 1610 599 1668 beatos
613 1608 689 1679 esse,
709 1608 755 1668 sed
772 1619 867 1668 tamen
889 1606 951 1690 fieri
971 1609 1068 1685 posse,
1085 1623 1112 1669 ut

239 1682 273 1742 fit
286 1684 352 1743 alius
366 1684 421 1744 alio
443 1686 556 1745 beatior.
592 1687 681 1762 Atqui
701 1686 749 1743 iste
768 1683 846 1743 locus
866 1682 929 1757 est,
956 1686 1048 1757 Piso,
1066 1688 1109 1747 tibi

242 1760 327 1819 etiam
353 1774 436 1838 atque
458 1764 542 1821 etiam
556 1762 777 1830 confirmandus,
796 1762 920 1839 inquam.
940 1780 1032 1838 quem
1046 1764 1109 1827 site·

240 1838 348 1907 nutris,
368 1856 426 1897 non
447 1838 534 1898 modo
556 1856 652 1897 meum
674 1839 867 1909 Ciceronem,
894 1837 941 1898 sed
963 1841 1053 1901 etiarn
1067 1858 1108 1901 rue

241 1911 329 1988 ipsum
343 1915 460 1975 abducas
471 1915 572 1977 licebit.

104 1980 107 1985 ’
195 1990 234 2064 96
279 1990 357 2050 Tum
373 1993 510 2066 Quintus,
530 1992 604 2051 Mihi
617 1990 750 2068 quidem,
768 1993 796 2051 in
818 1993 877 2061 uit,
894 1990 955 2052 satis
969 1994 1030 2053 hoc
1044 2014 1108 2057 con·

238 2066 378 2127 firmatum
393 2069 510 2127 videtur.
545 2069 626 2126 laetor
640 2068 770 2143 quidem,
828 2066 1015 2142 ilosophiarn,
1035 2074 1106 2148 cujus

233 2158 315 2204 antea
329 2144 521 2219 supellectilem
536 2145 616 2217 pluris
635 2144 802 2202 aestimabam
828 2143 914 2220 quani
931 2146 1106 2221 possessiones

232 2222 420 2354 relhquorum,
438 2222 476 2279 ita
489 2221 558 2279 mihi
572 2221 647 2277 dives
662 2219 826 2291 videbatur,
845 2233 876 2280 ut
898 2221 933 2279 ab
955 2241 990 2281 ea
1012 2241 1104 2300 petere

146 2365 149 2371 ι
231 2314 272 2370 po
293 2314 339 2354 ern
355 2339 364 2364 ,
383 2295 517 2372 quidquid
527 2297 559 2354 in
579 2295 669 2353 studiis
689 2296 783 2354 nostris
804 2294 1016 2371 concupiffem:
1035 2303 1105 2360 hanc

233 2371 315 2449 igitur
336 2372 417 2433 laetor
440 2374 521 2436 etiam
539 2373 692 2431 acutiorem
712 2386 849 2449 repertam
873 2371 962 2453 quim
985 2390 1090 2437 ceteras
1085 2454 1103 2515 d

1025 2472 1084 2530 quo

230 2588 290 2639 adeb
300 2590 326 2639 u't
339 2591 457 2656 ambigam
468 2590 498 2640 de
507 2590 677 2648 Lambiniana,
692 2590 752 2655 quufi
760 2591 809 2640 verb
817 2593 861 2644 mc.
875 2592 988 2654 quamvis
999 2592 1102 2645 affirmet

230 2650 278 2702 esse
297 2652 311 2703 *a
326 2653 390 2704 libris
405 2657 492 2719 scriptis
506 2671 513 2701 z
541 2654 654 2719 pracipu'e
670 2654 724 2706 cum
744 2669 792 2702 non
804 2656 877 2703 eriam
892 2654 983 2704 indicet
999 2672 1102 2721 quorum

230 2716 308 2780 scripti
318 2716 353 2766 illi
362 2718 462 2774 suerint,
478 2731 518 2767 aut
527 2732 577 2779 quo
588 2720 644 2765 loco
655 2716 754 2765 consulti
764 2716 938 2768 consulendive.
954 2721 1048 2770 (ἔῃσιν.

260 2795 298 2835 91.
316 2782 371 2843 Effer
378 2784 491 2843 firmatum
500 2784 570 2839 viru]
583 2782 702 2831 Sententia
713 2779 884 2843 postular,effi.·
899 2794 926 2829 ut
937 2780 986 2831 boc
997 2784 1103 2835 dicutur:

232 2842 298 2907 quod
319 2856 386 2910 turpe
405 2861 456 2895 non
470 2844 523 2902 fit,
555 2845 646 2895 malum
673 2842 732 2895 illud
758 2858 808 2890 nou
826 2840 873 2892 ess‘e
897 2840 1027 2899 serendum
1046 2848 1103 2897 viro.

225 2912 348 2958 huram.

258 2987 296 3025 92.
304 2976 387 3033 Rcsquc
397 2986 474 3033 magna
481 2968 773 3031 ,sumendaedaudabu'lesqete
784 2969 1103 3035 virtutrgestaeJCieetouem

226 3033 294 3083 aliter
315 3028 423 3098 scripsisse
444 3034 482 3081 vel
498 3030 663 3090 sacramento,
679 3042 784 3081 veterum
807 3045 893 3087 more,
918 3036 1102 3089 contenderem.

226 3095 314 3158 scripfit
325 3110 403 3144 autem
416 3097 461 3144 hoc
471 3093 568 3144 fortasse
579 3113 585 3143 r
602 3103 685 3158 ‘Resque
700 3110 778 3157 magna
783 3094 908 3159 summique
918 3099 1042 3148 raudatires
1053 3104 1103 3147 vir·

227 3159 343 3217 turegrstu.
361 3163 383 3207 1³.
396 3164 489 3206 Mamur.
505 3163 689 3229 'Rgsquemugnm
701 3160 807 3218 fiunrendu
828 3159 997 3224 laudabilesque.
1035 3164 1103 3212 mui-

228 3222 265 3268 lus
277 3221 398 3268 Manutius
409 3220 465 3270 ruiir
477 3220 514 3269 vel
527 3228 672 3271 sacramento
685 3220 840 3277 contendere,
855 3222 924 3271 aliter
934 3222 996 3289 scrip
1016 3223 1050 3276 sse
1059 3228 1101 3275 Ci-

229 3295 355 3340 ceronem5
372 3285 471 3331 actone
481 3284 557 3346 iuquit
569 3318 576 3339 ,
587 3286 712 3347 summeque
725 3287 850 3333 laudabiles.
866 3280 905 3332 sed
922 3287 1038 3352 imposuit
1049 3289 1100 3339 viro

233 3345 368 3394 dodtiffimo
379 3345 519 3394 vocabulum
531 3349 593 3396 artis.
610 3349 656 3396 alia
666 3349 730 3396 enirn
740 3360 806 3396 erant
822 3346 884 3411 apud
899 3351 996 3399 stoicos
1008 3365 1103 3415 expeten-

230 3412 272 3463 da,
289 3409 334 3456 alia
345 3410 457 3465 frumendo,
473 3408 502 3456 de
515 3409 597 3470 quibus
607 3411 685 3473 saepius
696 3410 784 3458 distum
796 3410 898 3460 librorv.
915 3414 942 3462 dt
954 3416 1102 3464 nominatim

229 3472 279 3523 fine
289 3472 369 3537 capitis
380 3479 401 3522 t.
418 3469 517 3521 addatur
530 3474 555 3525 dt
566 3488 616 3539 cup.
626 3490 662 3527 ro.
677 3472 719 3525 rib.
729 3487 747 3524 r.
763 3472 929 3537 ncadouaetb
945 3478 1038 3527 Gruter.

997 3554 1039 3597 93·
1056 3542 1099 3593 Sed
