2318 3914
245 144 435 209 urana
476 136 789 228 Quantos
872 164 955 229 2495

65 266 126 321 ra,
146 250 289 319 difficilia,
309 248 420 307 adversa
439 247 611 317 videantur,
636 246 665 286 ⁶²
674 265 707 306 ea
726 246 869 307 virtutibus
889 249 946 319 iis,

64 329 171 403 quibus
185 328 201 387 l
217 340 311 388 natura
329 322 446 384 essemus
460 326 568 393 ornati,
585 325 672 381 obteri
686 320 780 399 posse,
799 324 945 385 ⁶3nonsa·

65 404 135 462 ciles
149 404 204 464 illas
229 402 343 481 quidem
369 420 421 459 nec
442 399 661 460 contemnendas
680 399 759 476 (quid
781 402 856 459 enirn
879 399 945 459 esset

64 479 99 544 in
115 481 213 541 virtute
227 476 369 546 tantum)
390 478 435 536 sed
456 490 487 536 ut
507 479 563 536 boc
577 476 763 553 judicaremus
780 519 789 545 ,
809 495 868 536 non
889 474 943 535 esse

64 554 98 614 in
114 557 154 617 his
169 570 276 633 partem
296 556 448 612 maximam
464 552 580 629 postam
594 563 641 611 aut
656 550 734 611 beate
748 565 796 611 aut
809 553 883 611 secus
899 554 941 611 vi·

64 634 160 691 vendi.
189 632 246 691 'Ad
260 632 425 699 summurn,
445 647 501 697 ea,
521 647 585 705 quae
604 629 686 687 Zeno
707 628 865 687 aestimanda
881 672 889 699 ,
910 630 986 697 &60

62 705 216 778 sumenda,
236 711 267 767 δε
280 718 342 782 apta
357 720 460 765 naturae
474 703 528 763 elle
541 704 625 773 dixit,
641 704 743 791 ¹eadem
758 704 796 763 illi
809 704 883 763 bona
892 723 939 780 ap·

55 784 181 858 pellant:
202 786 290 843 vitam
312 798 406 841 autern
427 784 536 841 beatam
557 782 595 839 illi
616 799 678 839 earn
690 824 703 851 ,
722 798 787 859 quae
801 781 938 841 constaret

63 875 100 917 ex
121 862 152 919 iis
176 860 272 929 rebus,
292 876 359 935 quas
372 860 452 927 dixi,
478 871 525 917 aut
546 858 684 931 plurimis,
704 869 751 916 aut
770 858 938 933 gravissimis.

64 934 148 995 Zeno
163 942 256 995 autem
273 980 282 1005 ,
302 936 377 1011 quod
391 935 484 1003 suana,
504 934 581 1010 quod
596 935 734 1009 propriam
747 931 866 1008 speciem
887 935 938 1007 ha·

61 1010 145 1082 beat,
166 1030 213 1071 cur
234 1013 420 1087 appetendum
442 1010 497 1079 fit,
523 1010 552 1069 id
572 1010 781 1069 solumbonum
796 1010 935 1085 appellat:

60 1086 173 1147 beatam
188 1100 280 1147 autern
296 1090 382 1147 vitam
396 1106 460 1154 earn
475 1086 561 1147 solam
578 1129 587 1155 ,
607 1103 672 1163 quae
689 1104 756 1145 curn
769 1086 871 1146 virtute
886 1087 935 1146 de·

61 1176 151 1237 gatur.

100 1240 191 1299 XXII.
212 1241 249 1298 Sr
270 1258 315 1299 ur
336 1258 382 1299 nu
403 1240 542 1315 disceptari
556 1250 667 1316 oportet
674 1262 684 1307 ;
704 1238 778 1299 nulla
799 1240 868 1299 mihi
889 1251 932 1301 te·

62 1332 147 1385 eum,
167 1317 240 1375 Cato
256 1360 264 1387 ,
282 1316 371 1393 potest
383 1314 436 1374 elle
458 1314 591 1375 diffenfio.
629 1314 697 1375 nihil
719 1316 757 1375 est
776 1318 876 1385 enirn,
896 1316 933 1377 de

61 1406 121 1467 quo
136 1393 212 1451 aliter
225 1405 255 1451 tu
268 1394 364 1451 sentias
379 1405 462 1469 atque
477 1410 545 1467 ego:
568 1392 656 1451 modo
672 1392 849 1451 commutatis
868 1410 931 1451 ver·

61 1468 102 1525 bis
114 1468 181 1544 ipsas
194 1486 235 1527 res
257 1470 441 1528 conferamus.
479 1486 531 1527 nec
551 1470 607 1529 hoc
627 1468 671 1527 ille
692 1486 751 1527 non
772 1467 864 1527 vidit:
884 1467 930 1528 sed

61 1544 211 1603 verborum
227 1545 430 1619 magnificentii
452 1545 488 1603 est
507 1547 538 1604 ὃ(
557 1542 643 1621 glorid
662 1542 826 1614 deledatus,
846 1544 929 1620 quisi

60 1636 113 1687 ea,
132 1638 197 1696 quae
211 1621 293 1689 dicit,
313 1624 350 1680 ita
364 1620 495 1687 sentiret,
514 1633 545 1678 ut
564 1622 646 1680 verba
664 1619 838 1696 significant3
859 1621 928 1701 quid¹

58 1694 131 1755 inter
145 1714 228 1767 euin,
250 1698 313 1755 ²v'el
327 1699 516 1773 Pyrrhonem,
535 1700 580 1757 vel
594 1696 754 1757 Aristonem
767 1696 946 1757 intereslet?a
962 1691 988 1743 ὅ(
1000 1696 1039 1745 vel

57 1770 98 1831 lin
113 1784 206 1831 autern
219 1792 268 1831 eos
281 1792 340 1833 non
354 1775 498 1848 probabat:
518 1773 586 1851 quid
597 1775 706 1833 attinuit
718 1790 784 1832 curn
798 1774 845 1844 iis,
861 1760 983 1867 qui-ff}
995 1760 1071 1873 {aa

58 1846 175 1907 buscum
188 1866 218 1906 re
232 1850 433 1919 bconcinebat,
452 1849 539 1907 verbis
553 1846 723 1925 discrepare?
913 1880 944 1938 ,b
958 1897 1043 1932 conver

79 1924 176 2000 ·Quid
196 1924 216 1982 fi
237 1925 398 1985 reviviscant
424 1926 557 1985 Platonici
580 1924 641 1996 illi,
667 1928 698 1985 δι
720 1926 847 2002 deinceps
872 1945 921 2003 qur
929 1944 1008 1995 aiebat
1019 1949 1072 1997 ,1ss,

57 2018 159 2061 eorum
172 2000 310 2061 auditores
322 2002 449 2073 suerunt,
468 2003 499 2062 δι
515 2014 610 2062 tecum
622 2003 660 2062 ita
672 2001 840 2081 loquantur?
860 2006 928 2142 {iffi
930 2010 964 2069 61

89 2236 129 2283 Ω.
147 2237 183 2280 Ea
192 2233 311 2280 virtutibus
320 2235 365 2291 lis,
375 2231 452 2297 qualus
463 2233 478 2279 i
489 2244 568 2281 natura
577 2232 662 2295 effemiis
671 2236 755 2289 oraui,
770 2236 842 2298 aptari
849 2235 923 2297 post]

57 2292 164 2344 Fortasse
173 2295 217 2345 suit
228 2295 253 2343 in
264 2295 379 2346 veteribus
388 2296 502 2360 exemplis
513 2294 621 2360 scripturn
638 2301 709 2358 opteri.
742 2300 860 2347 venetum
872 2301 925 2363 qui·

55 2354 113 2405 dem
128 2360 263 2421 exemplum
279 2362 345 2407 obteri
364 2357 442 2408 babet.
475 2357 514 2408 sed
538 2358 662 2421 quomodo
681 2358 798 2409 cohaerent
818 2375 870 2422 que
887 2360 923 2411 se·

56 2425 181 2483 quantur?
197 2430 244 2469 Non
255 2420 333 2482 faciles
344 2424 395 2469 illas
404 2424 492 2483 quidem
505 2440 541 2469 nec
551 2425 713 2473 contemnendas.
745 2428 783 2473 De
796 2422 842 2471 boc
853 2425 924 2487 igitur

55 2483 231 2547 querendum:
266 2498 293 2532 ae
310 2490 354 2542 ‘Res
366 2483 462 2547 quidem
477 2481 646 2543 fiadderetur,
675 2484 740 2549 quas
755 2487 920 2549 complanatus

53 2546 105 2607 jrrm
116 2547 182 2595 locus
193 2543 262 2602 effer,
277 2546 392 2604 utilem,
404 2554 452 2596 Noe
458 2548 534 2606 faciles
546 2548 749 2613 insequimur,
769 2568 804 2596 nec
819 2551 863 2602 &a
881 2549 921 2601 sed

54 2618 187 2669 queramus
197 2610 303 2671 amplius.
321 2616 425 2660 camerae.
460 2612 531 2657 obteri
537 2610 591 2673 poffe
602 2629 610 2668 ς
624 2628 663 2659 non
675 2611 758 2666 facilest
768 2615 820 2659 illas
831 2616 920 2677 quidem

53 2672 113 2730 m]
130 2672 189 2720 Pall.
200 2672 258 2720 nihil
270 2671 379 2722 recedunt
395 2672 409 2722 d
421 2672 522 2733 vulgatis
534 2706 541 2727 ‚
563 2672 606 2722 nili
621 2674 686 2736 quod
697 2674 829 2736 exprimant
841 2683 919 2738 aptari.

53 2732 185 2782 Lambinus
196 2733 296 2798 oggeffit
306 2736 374 2785 nobis
385 2751 413 2784 ex
430 2736 472 2784 ms.
484 2736 574 2797 inquit,
586 2735 761 2801 antiquissimo:
777 2740 842 2784 olreri
848 2741 918 2801 paffe:

52 2798 201 2845 valitudinem
213 2812 296 2854 autem,
311 2800 490 2861 pulcritudinem,
506 2802 643 2856 celeritatem,
662 2804 730 2847 vireis
740 2806 844 2862 corporis,
857 2807 921 2850 divi-

51 2864 116 2917 tias,
132 2861 158 2912 (φ
169 2874 245 2907 ceteras
255 2878 288 2906 res
301 2864 364 2920 liujus
370 2865 470 2923 generis,
499 2878 539 2907 nan
552 2863 639 2919 faciseis
656 2865 707 2908 illas
722 2865 814 2923 quidem.
839 2876 862 2912 at
879 2881 918 2915 cut

51 2936 104 2969 non
115 2924 186 2971 etiarn
198 2923 299 2976 indicat,
316 2925 434 2981 cuiusnam
447 2924 515 2973 suerit
528 2925 620 2973 domini
629 2925 688 2972 liber
700 2925 753 2980 ille,
770 2927 794 2972 in
805 2929 867 2983 cujus
876 2943 919 2977 ora

51 2984 131 3032 aliena
143 2999 214 3033 manu
224 2986 360 3033 embamma
370 2986 427 3033 islud
439 2988 531 3034 allisum
543 2990 605 3034 erat?
623 2988 713 3034 Paullus
726 2992 844 3036 Manutius
863 3006 918 3052 pro-

53 3046 153 3096 ducebat
163 3062 192 3095 ex
205 3050 293 3113 Sigonll
304 3047 401 3110 scripto,
419 3052 482 3094 obieri
499 3050 567 3108 vossi,
588 3067 628 3095 nore
639 3051 720 3106 facilia
732 3053 773 3096 illa
787 3055 874 3113 quidem
884 3073 919 3102 nec

52 3113 198 3157 consentienda
210 3130 218 3157 .·
236 3111 273 3160 sed
284 3127 314 3159 ne
324 3112 348 3159 id
359 3111 454 3175 quidem
466 3111 517 3159 silio
527 3110 568 3159 suo
582 3113 710 3176 approbare
720 3117 811 3175 pontius
827 3116 919 3167 etiamfi

54 3170 185 3221 adlubescet
197 3176 269 3224 Mich.
282 3179 360 3223 Bruto.
395 3178 481 3222 Gruter.

87 3240 124 3286 ⁶3.
143 3242 186 3280 Nan
197 3238 269 3293 faciles
280 3240 330 3283 illas
343 3241 431 3301 quidem
446 3255 481 3283 nec
497 3239 672 3294 contemnendas]
700 3242 754 3287 Hoc
769 3238 865 3290 fortasse
882 3244 919 3290 vl-

52 3293 162 3342 dentalis
175 3300 222 3359 quo
232 3300 360 3349 referatur:
378 3299 455 3356 milri,
473 3300 565 3347 lrornini
577 3316 627 3347 non
639 3313 707 3349 acuto
720 3336 727 3358 ,
747 3301 854 3351 tenebras
870 3304 918 3357 ess'e

49 3357 177 3407 confiteor.
208 3364 278 3424 Quod
289 3363 306 3411 ti
319 3365 408 3427 legatur
422 3377 475 3412 cum
486 3364 575 3426 sigonii
589 3364 662 3420 libro,
677 3383 716 3410 non
722 3366 804 3423 facilia
815 3370 857 3413 illa
866 3375 919 3429 qui·-

50 3424 99 3467 dem
115 3438 152 3467 nec
166 3429 328 3483 contemnebaris,
346 3442 420 3475 nemo
431 3429 475 3475 erit
488 3440 537 3475 tarn
548 3425 638 3483 hebes,
655 3432 695 3485 qui
706 3428 754 3476 baec
769 3445 819 3477 nou
833 3445 915 3479 cernat

50 3482 80 3534 ab
91 3485 119 3535 iis
128 3484 244 3555 pendere,
259 3505 304 3557 qiu
314 3491 369 3539 dnn
375 3525 382 3549 ,
393 3492 495 3555 difficilia
508 3526 515 3545 ,
530 3491 621 3550 adverfia
630 3495 754 3547 videantur.
771 3497 795 3544 Ρ.
803 3496 898 3541 Manut.

461 3558 487 3603 X
491 3572 526 3604 xx
540 3571 595 3603 xxx
610 3571 625 3602 a
832 3564 868 3615 ⁶4·
887 3562 918 3619 ⁰⁸⁸.
