2318 3914
226 126 417 190 braca
459 120 758 201 Quart-rus.
865 109 947 196 2857

66 235 221 299 incredibili
236 234 418 301 contentione
432 241 566 292 certantes
589 229 686 304 pugnis
702 270 710 297 ,
730 225 870 296 calcibus,
888 244 943 285 un·

66 314 182 388 guibus,
202 310 294 371 morsu
307 311 429 388 denique
450 321 504 368 ¹¹ut
518 308 764 371 exanimarentur,
783 306 939 380 priusquam
948 314 965 348 ¹¹
980 313 1037 354 cum

65 390 99 447 'se
114 388 201 446 nuos
214 389 372 453 faterentur:
409 390 485 464 Quae
506 383 628 443 barbaria
660 378 739 439 India
768 381 866 438 vastior
893 376 1016 475 ammi}

70 462 220 540 agrestior?
239 466 270 536 in
283 483 316 524 ea
330 477 425 524 tamen
439 472 522 540 gente
535 457 656 538 primum
677 457 697 516 ii
712 499 720 526 ,
740 457 787 532 qui
801 431 1091 554 .s²Pi⁶¹¹Fe⁸ss⁸apptiea-

70 541 222 612 habentur,
243 540 311 608 nudi
326 552 438 600 aetatem
452 547 562 615 agunt,
589 537 619 594 &
642 532 757 623 Caucasi
780 548 856 590 nives
882 533 1030 610 hle-rerunt

72 617 233 696 malemq'ue
248 617 306 677 vim
320 619 461 694 perferunt
474 615 530 674 fine
543 611 656 677 dolore:
677 625 800 686 cumque
814 608 849 669 ad
864 607 1062 689 flam-rmum

72 711 150 759 mam
166 695 193 752 se
207 706 244 752 ⁰a
265 694 442 770 plicaverint,
462 691 518 752 fine
532 690 640 766 gemitu
652 686 811 746 aduruntur.
952 678 1073 742 wiht*

111 770 232 828 Muliere
269 769 338 829 vero
354 771 383 838 in
405 768 505 839 India,
525 764 629 825 ficiam
650 764 687 823 est
707 763 826 840 cujusvis
848 752 1014 862 earummgt·

72 848 116 905 vir
132 859 273 917 mortuus,
293 848 322 905 in
340 858 481 905 certamen
505 842 698 921 judiciumque
712 841 845 907 ueniunt,
859 821 968 914 quam7

73 922 223 1012 plurimum
237 923 282 982 ille
296 923 429 982 dilexerit.
468 921 557 998 plures
571 921 648 978 enim
661 916 769 994 singulis
789 915 878 975 solent
890 912 946 974 effe

72 1011 178 1073 nuptae.
197 1002 272 1076 Quae
292 1001 330 1059 est
349 999 466 1066 victrix,
486 1016 519 1056 ea
536 997 619 1066 laeta,
637 993 862 1072 prosequentibus
882 991 944 1062 suis,
984 1051 992 1066 ‚

73 1076 130 1134 una
145 1093 211 1134 curn
227 1078 287 1134 viro
299 1078 329 1135 in
343 1093 444 1151 rogum
459 1074 612 1151 imponitur
630 1088 637 1126 :
664 1072 730 1131 ailla
745 1070 818 1130 vida
844 1068 941 1129 moesla
952 1052 1032 1164 23¹¹:

73 1151 196 1210 discedit.
233 1153 397 1290 Numquam
413 1163 538 1210 naturam
560 1167 623 1208 mos
643 1151 777 1208 vinceret.
811 1145 849 1206 est
864 1129 988 1234 enims(ae
997 1127 1097 1234 pff*

74 1245 107 1285 ea
127 1228 234 1307 semper
253 1231 310 1289 invi
357 1273 363 1285 .
404 1227 459 1287 Sed
479 1246 530 1287 nos
551 1226 677 1297 umbris,
709 1225 837 1294 deliciis,
863 1237 943 1295 otto,

72 1304 224 1381 languore,
244 1305 342 1366 desidia
357 1308 484 1366 animum
496 1304 644 1364 infecimus
665 1322 674 1361 a
693 1302 869 1377 opinionibus
883 1319 945 1360 ma-

74 1381 160 1457 ¹0que
175 1400 255 1443 more
269 1384 434 1443 adelinirum
449 1382 627 1442 molliuimus.
664 1377 865 1456 AEgyptiorum
880 1383 967 1437 mou
983 1367 1075 1419 delent.

23 1464 28 1478 ·
75 1475 135 1516 rem
151 1462 210 1594 qqris
231 1459 365 1535 ignorat?
386 1477 507 1538 quorum
528 1459 644 1517 imbutae
665 1432 1095 1548 nentesrpravitatisgssggd⁶s

76 1536 161 1594 errori
181 1554 210 1595 us
226 1579 235 1606 ,
253 1547 256 1555 ·
274 1538 381 1596 uamvis
395 1535 581 1596 carnificinam
606 1531 679 1611 prius
702 1529 831 1592 subierint
857 1531 942 1608 quim
951 1561 1003 1608 Mu.

75 1609 160 1680 ibim,
180 1625 227 1671 aut
240 1555 387 1690 aspidem„
397 1626 444 1672 aut
458 1614 560 1684 selem,
579 1622 627 1671 aut
641 1627 739 1669 canem
755 1653 765 1681 ,
785 1621 832 1667 aut
846 1625 962 1670 croco-r
976 1618 1056 1686 pravis
1091 1613 1095 1620 '

77 1685 165 1746 dilum
183 1688 304 1751 violent:
324 1707 445 1766 quorum
460 1692 545 1748 etiarn
560 1688 580 1747 fi
601 1687 789 1764 imprudentes
803 1687 1004 1763 quippiamcon‘·
1016 1682 1093 1735 Μ·

78 1761 213 1833 fecerint,
233 1781 346 1838 poenam
361 1765 465 1829 nullam
479 1765 613 1824 recusent.
953 1752 1094 1805 lacerum,

120 1839 168 1897 De
180 1839 337 1902 hominibus
356 1840 468 1920 loquor.
504 1841 571 1919 quid
590 1839 682 1900 besliae
697 1838 710 1899 ἓ
728 1848 826 1900 97non
845 1842 994 1920 frigus,79
1032 1882 1041 1903 .
1122 1913 1124 1918 ,

77 1931 138 1974 non
159 1916 291 1987 famem,
323 1935 382 1978 non
405 1917 580 1994 montivagos
606 1929 689 1994 atque
709 1915 836 1975 silvestres
857 1918 947 1979 cursus

79 1989 305 2070 lustrationesque
319 1992 484 2070 patiuntur?
503 2012 563 2054 non
582 2011 633 2069 pro
654 1992 704 2052 suo
724 2006 803 2068 partu
823 1994 860 2053 ita
881 2012 948 2068 pro·

79 2073 223 2144 pugnant,
242 2083 274 2128 ut
287 2071 399 2132 vulnera
414 2070 551 2145 excipiant
566 2068 579 2127 ἓ
599 2067 687 2128 nullos
701 2071 837 2145 impetus,
859 2070 949 2131 nullba

77 2142 149 2202 isius
170 2145 381 2210 reformident?
417 2148 546 2215 omitto,
578 2161 643 2222 quae
662 2149 800 2222 perierant
826 2163 947 2224 quaeque

78 2222 215 2308 patiantur
228 2223 382 2295 ambitiosi,
401 2220 551 2284 asshonoris
564 2220 643 2295 causi
656 2240 665 2282 a
684 2221 805 2283 ”laudis
818 2221 948 2292 studiosi,

889 2299 952 2378 glo·

80 2452 89 2462 ’
112 2460 150 2507 96.
168 2452 220 2502 (tim
229 2456 259 2517 est
267 2460 364 2521 cujusvis
372 2473 446 2506 aarum
454 2460 494 2506 vit
508 2457 624 2512 mantuan]
636 2451 723 2518 Repeti
738 2450 799 2502 istud
807 2451 833 2502 in
845 2452 949 2506 Palatini

80 2514 174 2575 soeuud.
186 2532 262 2582 quart.
288 2527 349 2571 item
369 2521 457 2573 vistor.
473 2518 530 2569 edit.
546 2518 670 2568 inclinant.
687 2515 948 2578 autumareque.

82 2581 190 2631 vatican.
206 2581 254 2629 nim
262 2583 448 2645 esteujumrm.
460 2582 539 2632 Gebh.
554 2585 587 2630 Ut
596 2581 675 2645 potuit
684 2575 717 2628 sic
726 2578 812 2629 Cicero
822 2576 945 2643 scripsiffea

82 2640 116 2689 ita
128 2641 174 2691 hoc
185 2645 329 2707 postremum
339 2661 402 2697 certe
412 2647 488 2712 magis
504 2650 644 2695 Romanum
657 2640 691 2690 est
703 2675 712 2699 ‚
725 2655 809 2704 utpote
819 2643 890 2692 toties
900 2641 950 2692 tre·

81 2717 223 2779 quentarum
238 2709 263 2757 in
280 2708 407 2767 formulis,
421 2712 494 2776 inque
507 2704 695 2772 inscriptionibus
711 2706 737 2753 dc
753 2702 852 2754 decrerit
867 2719 950 2754 occut-

81 2779 143 2842 rens.
154 2771 328 2834 Liviusxxxrr,
335 2775 551 2839 56.Dimitaendiqm
561 2775 582 2820 ei
588 2785 652 2835 ,qaas
657 2784 728 2816 earam
733 2770 859 2832 quandoque
869 2769 946 2829 vellat,

92 2846 116 2874 ut
131 2848 142 2876 e
158 2845 185 2883 et.
218 2838 327 2887 Gronov.

76 2843 89 2890 1
112 2832 216 2949 97st
227 2897 302 2962 frigus
316 2933 324 2957 ,
338 2917 378 2955 non
394 2901 497 2960 famem,
513 2913 553 2946 mn
565 2898 696 2957 montivagos
709 2907 773 2957 atque
782 2891 889 2954 fisvtstm
899 2911 950 2953 catr-

78 2957 140 3017 sus.]
154 2963 191 3006 lta
201 2956 253 3010 ruff.
265 2963 402 3026 plerique&
412 2959 603 3016 editiotittmm
621 2959 662 3023 qui
671 2969 753 3006 manen
761 2955 804 3007 lib.
814 2970 833 3006 r.
850 2970 863 3004 c
895 2966 948 3009 mo.

82 3021 206 3071 variarum
232 3037 300 3072 notar
319 3026 344 3073 in
360 3025 400 3073 suo
414 3026 476 3074 libro
486 3022 534 3087 legi
549 3038 556 3071 a
578 3040 619 3070 non
631 3025 764 3083 montivagos
776 3031 841 3081 atque
853 2969 950 3079 fixestu

82 3085 162 3144 cursus.
179 3085 266 3150 vulgo:
283 3089 439 3149 Nannefrr'gus,
456 3087 552 3136 Palatio.
560 3085 652 3137 secund.
660 3084 736 3147 quint.
748 3099 800 3132 nam
802 3083 950 3147 segunnam

78 3145 163 3204 femena
174 3152 220 3202 (aa.
242 3150 314 3200 Paulo
325 3149 376 3214 post
406 3164 481 3213 unque
496 3150 599 3212 legitur,
614 3167 656 3196 non
666 3165 704 3210 pro
718 3148 759 3209 suo
770 3159 843 3210 partu.
860 3145 949 3211 vulgbe

82 3226 152 3321 ²3:qu
162 3226 200 3324 pedo
211 3213 251 3275 fin
263 3226 351 3277 parant
381 3165 420 3265 ciii
434 3226 515 3263 tamen
529 3213 565 3262 illi
579 3210 629 3264 bini
642 3213 728 3265 iterum
744 3226 752 3258 a
779 3225 832 3258 anm
849 3224 887 3275 pro
897 3211 950 3273 sao.

155 3289 179 3323 ar
196 3313 202 3326 .

117 3344 154 3387 98.
174 3342 264 3386 Honoris
274 3338 338 3402 causas
348 3373 355 3395 ,
373 3341 445 3387 laudis
457 3338 547 3400 studiosi
558 3339 633 3398 gloria
643 3338 727 3401 ΝΜ]
741 3345 780 3390 Ita
788 3334 821 3387 est
830 3335 857 3386 in
867 3336 905 3386 vul
939 3360 951 3373 ·

83 3397 123 3458 tis.
156 3405 207 3464 Ego
219 3401 318 3451 seeundo
329 3403 386 3452 loco
402 3404 506 3454 delerem
519 3403 604 3467 musar
625 3416 699 3470 quam
712 3402 842 3462 ltfflonem
863 3413 894 3449 0⁰

83 3475 152 3517 urum
163 3477 190 3516 ta
200 3479 250 3531 qux
261 3464 394 3532 sequuntur.
425 3469 499 3533 vasta.
892 3529 941 3578 ω
