2318 3914
231 129 422 221 Linon
463 98 941 213 Quirinum-'2277

65 257 157 310 rum,
184 239 360 300 ebriosomm.
399 240 479 309 ¹illud
500 239 695 299 mattendimus
721 239 750 297 in
777 237 834 296 hoc
856 207 1016 323 omnim?
1027 205 1088 261 mu

66 334 172 392 genere
196 317 280 395 quim
304 317 489 376 inconstanter
508 317 663 390 loquamur.
700 315 852 377 nonenim
872 330 972 387 pro-m
988 347 1067 384 m.

70 394 206 453 ferremus
220 396 286 453 vino
308 405 355 451 aut
367 393 468 452 somno
483 388 637 466 oppreffos‚
656 404 704 451 aut
717 402 812 448 mente
825 403 936 464 captos,
946 398 1088 473 flammant.

32 472 38 515 ἰ
69 479 131 527 tam
145 469 272 539 absurde,
291 483 321 527 ut
335 468 424 528 nciam
438 469 591 528 diceremus
605 463 728 527 intereffe
742 468 813 526 inter
827 465 964 540 vigilan-n
979 460 1090 512 tornato.

32 568 34 603 ι
68 546 143 603 tium
159 547 230 615 visa,
251 549 281 605 &
302 545 477 612 sobriorum,
503 546 533 603 &
554 543 699 612 sanorum,
719 545 748 603 δι
763 559 879 612 eorum,
891 541 940 618 qui

32 642 35 655 ¹
70 619 160 680 effent
174 623 250 682 aliter
263 620 372 680 affetu:
393 634 453 680 tum
466 621 532 680 nihil
546 619 679 679 interesse.
982 610 1006 659 Ρ·
1027 609 1055 658 ⁸·

32 724 39 742 ν
113 698 161 756 Ne
174 699 232 758 hoc
245 697 359 774 quidem
374 712 504 765 cernunt,
526 697 622 755 omnia
642 697 668 755 se
688 694 802 756 reddere
823 697 987 769 incerta,54

71 774 153 850 quod
166 776 275 832 nolunt.
313 791 346 830 ea
359 773 422 832 dico
435 774 554 841 incerta,
574 790 638 859 quae
659 772 752 836 ἄδηλα
773 772 873 831 Graeci.
915 770 943 830 Si

73 851 153 910 enim
169 850 246 907 resse
260 851 298 908 ita
310 849 443 919 habeant,
463 862 494 909 ut
506 851 573 909 nihil
587 850 711 919 interfit,
738 848 830 907 utrum
845 850 882 907 ita
897 847 942 911 cui

73 927 221 992 videatur,
241 925 402 996 uriniano,
429 944 463 984 an
478 925 565 983 ⁰sano
581 946 587 983 :
610 927 654 984 cui
674 925 753 1000 poflit
768 925 940 1000 exploratum
950 944 967 979 o
982 941 1008 978 ur
1018 927 1076 985 senc

77 998 134 1059 effe
150 1001 186 1059 de
198 1001 243 1060 sua
256 1002 385 1060 sanitate?
404 1002 482 1078 quod
496 1001 567 1060 velle
587 1001 695 1061 efficere
721 1020 779 1060 non
794 1000 941 1060 mediocris
951 993 1026 1043 W·

75 1077 183 1135 insania‘
195 1077 239 1136 est.
277 1078 470 1136 Similitudines
497 1077 566 1135 uero
586 1092 632 1137 aut
663 1081 872 1154 geminorum,
899 1089 947 1136 aut

78 1152 220 1228 signorum
237 1154 340 1213 annulis
353 1151 570 1230 imprefforum,
590 1158 726 1229 pueriliter
749 1154 948 1213 consetiantur.
1021 1208 1024 1223 ,

77 1231 141 1305 quis
160 1231 235 1289 enirn
262 1229 386 1288 noilrtim
407 1229 593 1289 similitudines
614 1246 696 1306 negat
715 1230 792 1301 elle,
819 1231 883 1289 cum
903 1247 947 1288 eae

78 1307 204 1383 plurimis
218 1308 246 1365 in
260 1306 338 1364 rebus
352 1304 524 1381 appareant?
544 1306 606 1374 sed,
626 1306 645 1365 li
659 1307 724 1377 satis
738 1307 775 1367 est
798 1307 832 1365 ad
847 1307 947 1366 tollen·

79 1384 146 1442 dam
162 1382 354 1457 cognitionem
371 1382 501 1451 ‚¹·limilia
516 1380 569 1441 elle
584 1383 668 1441 multa
683 1384 834 1442 multorum
852 1403 858 1441 :
898 1399 948 1441 cur

76 1475 119 1519 eo
133 1477 193 1519 non
207 1457 265 1518 estis
278 1461 420 1527 contenti,
441 1458 588 1534 praesertim
603 1460 817 1518 concedentibus
838 1459 917 1517 nobis
932 1457 945 1517 l

80 1537 114 1595 dc
129 1552 178 1594 cur
192 1535 219 1594 id
234 1534 323 1608 potius
336 1535 603 1610 contenditis‚qimd
615 1553 705 1594 rerum
720 1549 814 1595 natura
826 1552 886 1594 non
900 1553 949 1610 pa·

80 1613 149 1673 titur
164 1654 174 1680 ,
192 1624 292 1669 utnon
306 1610 354 1669 suo
368 1613 490 1689 quidque
512 1624 634 1685 ngenere
648 1611 679 1671 lit
691 1612 745 1670 tale
759 1656 768 1685 ,
788 1611 868 1687 quale
889 1610 972 1689 est?p
986 1625 1076 1691 ingen.

50 1718 56 1725 ·
83 1687 176 1745 7⁶nec
190 1687 220 1747 lt
233 1688 261 1745 in
277 1686 383 1746 duobus
402 1703 450 1747 aut
469 1688 586 1764 pluribus
605 1689 678 1747 nulla
698 1707 727 1746 re
748 1689 876 1747 differens
896 1686 1032 1746 ullamne.

82 1762 293 1903 1ciomssmunitas.>
313 1775 343 1821 ut
358 1763 405 1823 sibi
419 1764 471 1824 sint
487 1766 516 1823 dc
530 1781 584 1822 ora
598 1782 720 1824 ovorum
735 1766 765 1824 ὃ(
779 1783 842 1840 apes
851 1764 946 1840 apium

106 1858 144 1899 mi
164 1859 238 1900 iniae.
986 1874 992 1884 ·

124 1918 203 1992 Quid
223 1933 326 1992 pugnas
345 1904 454 2050 ifitur?
480 1929 527 1974 aut
547 1916 613 1993 quid
634 1918 681 1976 ribi
700 1916 789 1975 visin
829 1916 991 1993 eminis?55

86 1994 251 2053 conceditur
266 1996 342 2051 enirlr
365 1994 454 2051 rmiles
469 1989 537 2051 effe:
557 2011 616 2070 quo
623 2006 768 2052 contentus
782 1935 836 2053 elge
849 2007 951 2070 potue-

85 2085 137 2133 ras.
156 2082 187 2128 tu
202 2081 295 2127 autem
310 2071 350 2128 vis
363 2070 477 2129 eosdem
492 2069 571 2143 plane
586 2065 639 2128 else
671 2087 730 2128 non
743 2070 850 2129 limiles.
875 2071 954 2146 quod

88 2144 149 2204 lieri
164 2146 241 2205 nullo
257 2144 345 2204 modo
359 2145 455 2220 potest.
474 2146 548 2204 Dein
564 2147 690 2221 confugis
703 2145 737 2204 ad
752 2147 953 2221 phyficoseos,

89 2222 139 2300 qui
162 2219 283 2279 maxime
302 2223 331 2281 in
352 2222 504 2281 Academia
526 2222 692 2281 irridentur:
719 2221 735 2279 l
757 2225 852 2299 quibus
873 2236 956 2282 netu

90 2297 205 2374 quidem
216 2299 276 2374 jam
290 2309 319 2355 te
333 2299 494 2357 abstinebis:
522 2301 552 2356 &
572 2301 608 2357 ais
629 2299 826 2362 Democritum
846 2301 954 2371 dicere,

91 2373 303 2434 innumerabiles
318 2372 371 2432 elle
386 2375 523 2443 mundos,
542 2376 572 2433 δι
586 2375 700 2450 quidem
714 2373 750 2433 fic
765 2376 899 2451 quosdam
912 2377 956 2435 iri·

91 2464 135 2510 ter
148 2449 174 2507 se
189 2468 248 2508 non
264 2449 480 2518 solumfimiles,
499 2451 544 2508 sed
565 2453 688 2528 undique
711 2452 831 2524 perfecie
858 2454 887 2511 ὃ(
908 2453 957 2510 ab·

91 2525 180 2589 solute
194 2527 231 2584 ita
245 2543 337 2602 pares,
357 2540 387 2587 ut
401 2529 472 2587 inter
486 2544 535 2586 eos
548 2528 615 2586 nihil
630 2526 735 2603 prorsus
749 2527 868 2599 interfit,
887 2538 916 2584 77
926 2532 957 2588 δε

912 2610 981 2665 eor*

54 2855 56 2859 ,
124 2831 164 2877 76.
180 2824 258 2880 Nrcstr
274 2826 385 2874 r'ndrrobus
400 2839 439 2873 aar
467 2828 549 2874 Iuribus
562 2829 654 2874 nullan
668 2826 790 2890 diffinulla
804 2831 891 2882 comm]
920 2825 957 2887 sie

93 2886 140 2937 effe
153 2887 280 2952 legendum
294 2887 409 2941 sententia
419 2839 467 2949 infe
476 2890 577 2945 clamat,
595 2893 619 2939 dt
631 2905 687 2938 vero
699 2887 729 2937 lic
740 2887 826 2937 habent
841 2886 914 2935 nostri
928 2888 959 2936 li·

92 2948 127 2999 bri
139 2963 235 3000 veteres.
250 2967 252 2971 ·
270 2952 324 2999 Vult
334 2953 399 3000 enim
410 2952 513 3006 Cicero,
530 2951 576 3000 hoc
589 2954 741 3001 Academicos
756 2949 842 2998 falsum
858 2962 959 2998 conten·

90 3012 148 3062 dere
158 3027 186 3061 nc
196 3012 319 3076 postulare.
353 3018 417 3062 Nam
429 3015 476 3061 line
486 3013 534 3062 duo
552 3014 609 3064 falsa
623 3011 693 3061 sunt:
711 3014 757 3061 lroc
773 3014 890 3087 primum,
905 3028 956 3076 non
1008 3052 1011 3071 ,

93 3074 140 3124 effe
150 3073 190 3123 suo
201 3076 305 3138 quidque
317 3077 341 3124 in
351 3089 437 3138 genere
447 3077 508 3133 tale,
524 3078 594 3138 quale
609 3075 641 3123 est
654 3093 660 3121 ι
677 3090 820 3125 contrarium
836 3076 899 3124 enirn
917 3091 955 3123 ue·

93 3154 159 3193 rum,
174 3135 215 3187 suo
224 3137 329 3202 quidque
338 3139 363 3186 in
373 3152 458 3202 genere
469 3140 518 3187 tale
528 3136 589 3197 esse,
604 3138 675 3202 quale
684 3138 725 3189 eil.
752 3140 859 3187 Alterum
869 3137 956 3186 deinde

65 3204 68 3217 '
90 3200 196 3250 sallum:
212 3202 236 3249 in
247 3199 336 3249 dnobus
346 3215 387 3248 aur
397 3199 498 3263 pluribus
510 3201 575 3249 nulla
590 3217 614 3251 re
629 3198 776 3250 differentem
791 3199 837 3250 eise
852 3202 957 3263 aliquam

89 3265 296 3317 communitatem.
332 3263 403 3312 Paulo
413 3261 465 3326 post
475 3263 615 3328 legendum,
631 3277 656 3313 ur
668 3264 798 3322 edidimus,
814 3270 854 3311 vlt
863 3266 905 3311 rili
913 3265 956 3312 aar

91 3329 118 3379 (ν
127 3342 170 3374 ova
179 3343 269 3375 ovorum
279 3328 324 3380 dre.
338 3325 370 3375 est
381 3329 445 3375 enim
457 3325 582 3377 coneeffio.
617 3331 713 3379 Lambin.

121 3405 161 3446 77.
178 3393 208 3437 Er
217 3407 249 3436 m
259 3392 345 3452 quidem
356 3391 546 3448 innumerabilem]
575 3392 633 3441 tall.
648 3394 674 3442 (θ’
689 3411 711 3438 eo
722 3393 816 3454 quidem.
837 3387 912 3437 codex
929 3393 952 3438 S.

90 3451 150 3507 list.
162 3469 184 3501 eo
195 3467 276 3518 quoquo
289 3455 373 3504 inrum.
400 3450 450 3505 line
464 3460 499 3511 er.
515 3453 642 3506 uudefacir
653 3455 809 3512 Gulielmius,
822 3456 858 3501 eho
874 3466 955 3523 quoqu

51 3549 53 3552 ,
921 3530 958 3561 or·
