2318 3914
135 143 138 151 ·
213 109 417 178 uinea·
448 107 767 196 Qumnrus'.
866 103 987 196 πός(

63 218 208 297 pientique
221 215 343 281 satisfit,
361 232 422 290 non
442 210 497 270 effe
512 211 608 273 salsum
624 252 643 283 „
661 211 707 271 sed
727 215 813 274 etiam
828 211 950 287 stabile,

66 296 174 365 fixum,
193 306 284 353 ratum
305 286 359 350 esse
379 291 500 350 debeata
521 290 599 365 quod
628 307 746 350 movere
775 292 849 351 nulla
876 294 954 353 ratio.-

69 384 162 450 queat.
199 370 266 433 talia.
282 380 378 431 autem
400 382 494 441 neque
517 367 593 436 effe,
613 384 706 443 neque
727 367 816 429 videri
837 367 953 443 possunt

72 462 169 509 eorum
187 448 294 507 ratione
312 489 321 516 ,
341 442 393 522 qui
405 443 450 502 illa
465 441 518 501 visa
537 486 546 513 ,
567 440 583 501 ὲ
604 444 702 519 quibus
720 446 821 503 omnia
839 445 951 511 decreta

71 525 132 587 sunt
146 536 227 593 nata,
247 534 350 596 negant
366 518 517 597 quidquam
532 518 550 579 h
565 519 634 579 salsis
648 517 782 579 interesse.

108 602 225 665 Exhoc
239 599 306 659 iliud
321 597 359 656 est
373 609 487 676 natum,
507 596 586 674 quod
601 596 751 673 postulabat
765 596 994 671 Hortehfius,28

69 691 101 738 ut
114 678 145 738 id
158 676 247 754 ipsum
262 674 357 734 saltem
390 687 531 749 ereeptum
546 673 562 731 h
578 672 698 751 sapiente
713 674 838 733 diceretis
853 719 862 746 ,
882 679 951 739 nihil

26 792 29 797 -
70 752 290 832 poffepercipi,
327 692 613 826 SedAnt-ipatrohoc
627 751 703 810 idem
719 751 865 827 postulanti
885 753 951 814 chm

47 857 50 867 ¹
70 833 196 899 diceret,
216 829 297 897 4⁷ei,
316 828 365 905 qui
383 828 531 887 affirmaret
553 827 621 886 nihil
641 824 717 903 posse
738 830 860 904 percipi,
881 848 951 890 con·

69 903 304 974 sentaneum²esse
317 922 405 964 unum
420 916 516 965 tamen
527 903 597 963 illud
617 904 710 964 dicere
730 906 834 981 percipi
847 904 955 981 posse,
991 905 1017 955 P·
1036 907 1064 958 Ι·

70 997 104 1044 ut
119 984 172 1042 alia
185 1000 244 1042 non
258 979 364 1058 possent
379 1025 400 1065 ,k
410 981 567 1052 Carneades
579 980 684 1040 acutihs
705 981 849 1041 resrstebat.
883 1001 951 1060 nam

71 1074 186 1123 tantum
206 1056 447 1129 abededicebat,
473 1071 505 1117 ut
526 1057 557 1117 id
577 1059 793 1118 consentaneum
818 1056 901 1129 esset,
920 1073 954 1120 ut
1035 1104 1059 1113 ..
1090 1074 1103 1114 ἰ

74 1134 201 1196 maxime
214 1136 486 1212 etiamrepugnaret.
502 1146 505 1151 “
523 1136 573 1212 qui
586 1136 662 1193 enim
678 1136 954 1213 negaretquidquam

75 1211 149 1280 esse,
168 1211 245 1288 quod
263 1214 472 1288 perciperetur,
493 1229 557 1269 eum
579 1211 648 1270 nihil
669 1216 805 1289 excipere.
843 1213 881 1272 ita
903 1233 954 1274 ne·

76 1287 148 1353 cesse
161 1287 232 1358 esse,
252 1308 289 1362 ne
309 1287 338 1348 id
361 1288 450 1365 ipsum
471 1287 610 1364 quidem,
629 1289 708 1366 quod
726 1307 794 1348 exce
814 1302 877 1350 tum
892 1310 953 1352 non
984 1284 1008 1311 ’·
1097 1290 1102 1303 “

77 1365 164 1435 esset,
183 1366 385 1442 comprehendi
405 1365 435 1424 dc
449 1365 551 1440 percipi
565 1365 621 1423 ullo
637 1365 726 1424 modo
740 1383 778 1443 po
801 1385 828 1425 e.

113 1443 273 1503 Antiochus
287 1442 322 1500 ad
337 1441 416 1501 istum
431 1441 528 1509 locum
537 1440 646 1517 preffihs
660 1442 802 1501 videbatur
811 1445 954 1507 accedere.
963 1469 999 1528 29

75 1521 215 1598 quoniam
229 1521 305 1580 enim
320 1518 349 1578 id
362 1518 495 1579 haberent
510 1518 674 1577 Academici
688 1519 833 1578 decretum
842 1522 955 1595 (sentitis

78 1597 229 1675 enim-jam
243 1596 300 1656 hoc
314 1612 362 1654 me
376 1596 468 1665 δόγμα
487 1594 666 1672 dicereinihil
678 1594 759 1671 posse.
769 1599 956 1673 percipi,non

80 1674 182 1731 debere
195 1690 243 1731 eos
262 1673 292 1731 in
313 1672 363 1730 suo
386 1670 529 1740 decreto,
546 1671 615 1748 ficut
634 1673 664 1730 in
679 1675 775 1732 ceteris
788 1675 886 1745 rebus,
903 1675 956 1735 -flu-

80 1749 199 1817 diuare,
237 1748 367 1809 raesertim
381 1748 446 1808 cum
462 1748 500 1809 in'
513 1767 549 1808 eo
570 1748 677 1807 summa
700 1750 865 1811 consisteret.
883 1754 957 1814 hanc

82 1826 160 1887 enim
183 1843 199 1884 e
221 1844 237 1883 e
257 1825 380 1901 regulam
400 1824 485 1885 totius
506 1824 711 1901 philosophiae,
731 1827 959 1889 constitutionem

81 1904 160 1971 veri,
179 1901 383 1978 faffi,cogniti,
398 1903 550 2003 incpgniti:
570 1920 656 1979 quam
670 1905 809 1970 rationem
823 1908 959 1980 quoniam

79 1979 246 2055 susciperent
277 1978 435 2058 docereque
458 1977 586 2048 veilent,
620 1996 686 2055 quae
707 1979 723 2039 h
744 1981 845 2114 cpuovis
870 1985 959 2058 accipi
1022 1999 1024 2004 ·

81 2067 244 2132 oporteret,
264 2057 294 2113 ὃ(
308 2073 373 2190 puae
387 2053 545 2130 repudiari,
566 2054 640 2114 certe
652 2055 709 2125 hoc
723 2057 751 2132 ip
763 2056 836 2126 uns,
850 2075 885 2121 ex
899 2076 960 2136 quo

83 2148 173 2191 omne
193 2133 252 2191 veri
271 2132 384 2210 salique
395 2131 533 2209 J'udicium
555 2130 646 2202 esset,
679 2134 822 2210 percipere
842 2152 891 2193 eos
911 2135 961 2195 de-

82 2204 177 2268 buisse'.
217 2209 321 2267 etenim
338 2208 395 2267 duo
415 2204 470 2281 esse
491 2209 554 2268 haec
576 2210 748 2269 maximain
761 2209 961 2287 philosophia,

78 2285 220 2363 judicium
242 2285 301 2345 veri
325 2286 356 2345 δι
372 2283 458 2346 finem
472 2282 613 2361 bonorum
623 2305 706 2362 „nec
720 2286 870 2364 sapientem
885 2287 967 2365 posse
1076 2314 1079 2319 ·

83 2358 164 2431 effe,
184 2361 233 2437 qui
253 2373 301 2421 aut
321 2361 509 2438 cognoscendi
526 2361 602 2424 ceffe
621 2364 730 2433 initium
751 2365 885 2439 ignoret,
912 2378 981 2439 autc
996 2376 1051 2425 cat.
1062 2372 1112 2426 sesa

84 2451 244 2498 extremum
259 2440 409 2514 expetendi
424 2483 434 2510 ‚
452 2451 508 2509 ut,
535 2453 582 2500 aut
602 2441 677 2500 unde
689 2440 897 2517 proficiscatur,
913 2456 962 2503 aut
968 2439 1019 2488 init.
1030 2441 1075 2486 ⁴²¹²

57 2584 63 2592 Ι
85 2513 146 2593 qud
161 2516 382 2592 perveniendum
396 2515 446 2588 fit,
465 2518 574 2605 nesciat.
612 2519 675 2578 haec
688 2529 782 2578 autem
796 2518 897 2579 habere
909 2503 1038 2581 tiu-dm
1047 2501 1095 2566 ff·

895 2598 940 2663 bia
953 2640 963 2671 ‚

89 2786 146 2821 nem
158 2771 172 2822 ὲ
184 2775 296 2837 proximo
306 2774 316 2824 i
331 2774 530 2844 quod.saepidime
539 2775 613 2827 etiam
623 2779 649 2829 δι
661 2776 779 2841 intingue
789 2780 871 2827 Graeca
884 2781 928 2834 ‚dc
942 2781 968 2831 in

89 2835 189 2885 Hebraea
200 2838 214 2885 h
226 2841 396 2889 Grammaticis
406 2839 481 2905 vulgh
496 2837 644 2891 observatum
655 2841 695 2891 est.
718 2844 743 2889 Ρ.
757 2841 832 2888 fater.
870 2843 927 2898 Pais.
940 2846 967 2895 δε
1075 2907 1077 2911 Ι

88 2898 150 2948 liber
172 2903 194 2948 S.
207 2903 325 2960 Victoris,
354 2905 494 2967 sapientique.
531 2910 552 2954 Ρ.
565 2906 687 2953 Manutius
704 2905 729 2952 δι
742 2901 822 2965 postea
837 2904 968 2956 Lambinus

89 2961 168 3011 adhuc
179 2963 278 3013 alteram
290 2969 425 3030 negativam
435 2968 511 3017 textui
522 2968 689 3021 interstruere,
711 2969 736 3016 &
753 2963 856 3014 uno-ms.
881 2981 917 3030 ap.
927 2972 968 3031 sa·
988 3004 990 3009 a

89 3030 120 3073 ris
136 3043 177 3072 non
189 3030 232 3084 stt,
247 3046 288 3075 non
299 3032 344 3080 dre.
361 3044 391 3079 ex
407 3030 561 3094 supervacuo:
578 3031 643 3080 idem
658 3031 722 3078 enim
738 3028 815 3078 sensus
830 3044 855 3078 re
865 3031 925 3082 ultat
935 3046 967 3083 ex

91 3088 215 3154 uulgato:
244 3091 322 3153 inquit
337 3094 486 3143 Gulielmius.
519 3097 610 3143 Gr‘urer.
907 3116 909 3121 .

60 3161 70 3176 ’
121 3169 161 3212 47.
180 3157 211 3200 Εἰ
220 3155 340 3225 quiaffirm
356 3169 388 3203 rer
398 3159 454 3204 nihii
469 3159 528 3214 cen]
557 3156 593 3205 Sic
607 3155 624 3204 h
638 3154 771 3215 coniehura
786 3160 809 3206 Ρ.
826 3158 966 3220 Manutius,
985 3214 989 3218 ,

89 3224 163 3279 quem
175 3215 264 3266 secutus
274 3174 404 3288 Lamhhnhs
415 3219 515 3282 aliique,
531 3220 769 3297 conpravett5edd3&
776 3218 828 3296 mss.
835 3222 861 3268 in
871 3220 965 3285 quihus,

87 3279 965 3424 tratura:aeternaitatem-,raa?natm

86 3403 134 3480 ἦρι
146 3410 226 3470 percipi
231 3410 298 3474 poffae,
312 3412 468 3475 consentaneum
476 3410 522 3473 effe.
542 3410 609 3487 quod
619 3425 730 3489 examun
763 3424 789 3461 ut
804 3411 965 3493 minuerent·

89 3482 126 3522 u.
157 3470 232 3535 Idam.-

874 3547 912 3599 48.
930 3539 968 3589 die
