2318 3914
191 82 320 199 '2378
423 110 933 178 Du-Fru.ssou.retMnr.

276 225 460 286 Ill.'Tuuc
481 245 570 286 rrtn
592 226 699 296 ridens,
719 227 787 284 Hoc
802 227 888 297 veto,
908 227 1014 302 inquit,
1037 230 1110 303 opti&

239 323 318 363 mum
335 347 343 374 ,
363 317 394 361 ut
414 306 459 373 is,
498 306 545 381 qui
566 303 651 363 finem
675 322 765 361 rerum
786 304 1001 378 expetendarum
1014 307 1017 313 ⁴
1029 307 1112 363 volu·

235 394 341 457 ptatem
362 379 415 438 else
437 383 533 447 dicat,
567 383 593 439 id
609 394 789 449 extremum,
816 380 844 439 id
865 381 995 438 ultimum
1017 382 1112 440 bono·

90 468 107 518 d
122 467 219 540 qieideni
238 475 324 525 rum;
346 457 374 516 id
389 457 494 532 ipsum,
514 455 602 534 dquid
617 457 665 524 lit,
685 457 765 532 quale
779 456 811 514 sit
829 498 837 525 ,
855 457 964 515 nesciat.
1003 458 1112 534 Atqui,

30 580 33 597 ,
89 535 201 594 qualern.
239 535 353 610 inquam
371 577 379 601 ,
398 546 445 592 aut
467 535 624 608 Epicurus,
643 534 710 609 quid
730 533 762 592 sit
782 534 924 608 voluptas,
944 546 991 591 aut
1009 552 1112 594 omnes

89 597 141 644 MS.
163 654 165 663 .
239 611 385 680 mortales,
406 612 454 685 qui
467 611 569 686 ubique
582 611 659 678 sunt,
680 610 810 669 nesciunt.
831 613 986 684 Quonam,
1009 613 1111 687 inquit,

239 685 355 746 modo?
389 689 464 761 Quia
484 688 656 762 voluptatem
678 688 749 745 hanc
771 683 824 744 else
846 686 964 745 sentiunt
983 705 1111 756 omnes,

238 781 323 840 quam
336 763 423 822 sensus
436 765 572 838 accipiens
586 774 733 832 movetur,
754 765 784 820 ὃ(
800 764 971 838 jucunditate
986 765 1110 845 quadam

213 837 1110 991 ⁷utstllllgnlslluttr,illm,luitdrudis

500 960 507 973 ι
744 959 753 985 ,
890 960 896 972 ι
1096 949 1110 961 “

236 992 304 1050 dum
317 993 399 1051 nimis
413 993 497 1049 etiam
511 994 608 1057 novit,
628 993 729 1068 quippe
743 993 792 1067 qui
805 992 962 1049 testificetur
980 1036 989 1060 ,
1009 1011 1047 1050 ne
1066 995 1109 1051 in-

235 1069 357 1143 telligere
370 1068 486 1144 quidem
500 1068 527 1126 se
548 1067 649 1143 polle,
669 1069 714 1125 ubi
737 1067 791 1136 sit,
812 1080 859 1125 aut
879 1069 946 1144 quid
967 1070 1000 1126 fit
1020 1069 1108 1128 ullum

126 1170 153 1218 p,
168 1171 195 1215 B,
238 1142 363 1213 bonum,
386 1156 484 1218 praeter
499 1145 582 1213 illud,
601 1144 679 1220 quod
694 1143 774 1212 cibo,
794 1156 841 1201 aut
861 1147 995 1220 potione,
1015 1148 1045 1203 &
1061 1163 1109 1203 au-

89 1214 218 1281 eobscesa
239 1222 310 1279 rium
327 1221 528 1290 delectatione,
549 1224 578 1278 ὃ(
591 1221 739 1279 eobscoena
754 1220 896 1295 voluptate
911 1224 1039 1296 capiatur.
1060 1224 1109 1281 An

88 1295 138 1342 ⁴¹¹?-
240 1297 301 1355 haec
316 1297 350 1354 ab
364 1316 399 1355 eo
413 1316 474 1357 nou
487 1296 643 1356 dicuntur?
663 1296 748 1369 Quasi
764 1296 850 1355 fvero
866 1316 912 1355 me
927 1297 1045 1372 pudeat,
1066 1300 1110 1356 in·

88 1355 231 1465 sv‘lssd‘st
237 1376 297 1450 quit
311 1417 319 1443 ,
339 1374 470 1443 illorum,
490 1387 607 1433 autnon
622 1375 738 1450 possim,
758 1374 998 1450 quemadmodum
1020 1392 1052 1431 ea
1059 1375 1111 1433 ·di-

89 1434 185 1468 enam.
238 1449 357 1520 ¹cantur,
385 1450 536 1509 ostendere.
574 1451 635 1524 Ego
658 1453 725 1509 vero
744 1469 803 1508 non
825 1450 945 1521 dubim,
965 1452 1081 1525 inquam
1098 1494 1110 1521 ,i

238 1528 306 1602 quin
328 1526 409 1586 facile
430 1527 533 1602 pollis:
553 1544 606 1585 nec
627 1528 681 1595 est,
700 1526 800 1603 equod
821 1538 849 1584 te
870 1526 972 1601 pudeat
993 1526 1108 1602 sapienti

176 1648 180 1659 ,
236 1600 372 1682 assentiri;
393 1603 481 1679 quise
496 1622 581 1672 unm,
601 1603 679 1678 quod
691 1603 773 1661 sciam
790 1646 799 1672 ,
819 1602 968 1677 sapientem
984 1603 1108 1678 profiteri

89 1678 270 1762 grumssrt
284 1680 368 1738 ausui.
405 1698 471 1738 nam
484 1679 682 1738 Metrodorum
703 1698 762 1737 non
783 1692 872 1754 sputo
894 1680 980 1754 ipsum
1003 1681 1108 1754 prosel-

62 1742 72 1775 Ι
89 1757 315 1826 ιιῐῐριιιωιι.ίυπι;
335 1755 398 1824 sed,
418 1756 482 1815 cum
497 1757 673 1832 appellaretur
689 1757 721 1813 ab
737 1756 875 1830 Epicuro,
895 1756 1038 1831 repudiare
1046 1769 1108 1815 tan·

138 1898 142 1909 Ι
237 1836 299 1891 tum
313 1832 479 1891 beneficium
495 1830 617 1891 noluisse.
657 1833 769 1907 Septem
789 1845 882 1891 autem
903 1833 958 1901 illi,
976 1850 1036 1891 non
1056 1833 1105 1892 suo

137 1922 140 1927 ’
237 1908 283 1968 sed
298 1927 336 1985 po
355 1909 465 1967 ulorum
479 1908 605 1985 suffragio
618 1911 766 1997 omnium,
781 1910 918 1994 nominati
931 1907 1001 1967 sunt.
1067 1987 1073 1997 1

210 1987 384 2138 ulter
398 1985 941 2138 sustinetsustinettrees
957 1984 1106 2122 riunire

88 2148 106 2198 h
127 2149 228 2203 hilaren·
238 2141 313 2197 enim
325 2139 481 2213 jucundum
497 2135 624 2207 motum,
644 2157 701 2214 quo
717 2137 803 2197 sensus
815 2136 983 2207 hhilaretur,
1004 2139 1105 2198 Graece

87 2216 185 2265 ruieut
238 2214 344 2282 ἡδονὴν,
365 2214 464 2273 Latine
478 2215 649 2289 voluptatem
664 2226 774 2273 vocant.
812 2215 890 2288 Quid
905 2215 942 2272 est
955 2216 1105 2290 igitur,in·

257 2293 320 2358 uit,
341 2290 416 2366 quod
439 2291 583 2366 requiras?
609 2292 736 2358 Dicam,
756 2292 871 2366 inquam
893 2334 900 2357 ,
928 2294 958 2349 δε
988 2292 1103 2366 quidem

87 2364 177 2444 iquod
236 2310 355 2426 discendi
377 2365 454 2424 causa
477 2368 561 2443 magis
581 2368 666 2444 qu'am
683 2365 754 2443 iquo
776 2379 805 2424 te
830 2379 878 2425 aut
893 2367 1044 2440 Epicurum
1059 2386 1103 2427 re·

86 2432 138 2480 ⁴¹¹³·
234 2441 398 2519 prehensum
413 2443 505 2504 velim.
544 2445 606 2519 Ego
621 2461 752 2521 quoque,
772 2444 861 2518 inquit
879 2485 887 2510 ,
908 2443 1049 2501 didicerim
1068 2445 1103 2503 li-

86 2521 143 2572 kte
158 2527 213 2577 delet
232 2517 362 2588 beritius,
388 2518 495 2605 fitquid
516 2522 661 2591 attuleris,
688 2519 773 2596 quam
795 2520 844 2577 ¹<te
870 2521 1104 2594 reprehenderim.

86 2587 163 2640 Μ·
234 2596 367 2656 Tenesne
387 2596 493 2671 igitur,
511 2598 649 2675 inquam,
669 2598 861 2671 Hieronymus
880 2596 1005 2655 Rhodius
1024 2597 1103 2733 qugd

1078 2694 1102 2733 1.

231 2823 619 2884 nonadmodnmfaciuntadrem3
637 2824 1100 2875 sedtamennonomninonoclocosunt

230 2889 369 2951 supervacua
375 2908 384 2948 3
400 2889 438 2937 ubi
448 2891 571 2940 contendit
578 2889 718 2939 adversarius
727 2923 734 2946 ,
742 2893 768 2938 δι
778 2890 879 2937 inculcat
890 2888 973 2937 eadem
980 2891 1102 2945 aliisallis·

224 2953 372 3015 queverbis,
406 2957 472 3002 Grut.

237 3049 242 3059 .
263 3024 284 3063 8.
300 3018 428 3079 Qr'dergo,
445 3016 657 3079 estamvosuptatem,
674 3019 758 3077 inquit,
775 3018 880 3062 Epicurus
891 3017 993 3074 ignorat]
1007 3019 1045 3063 lta
1057 3029 1103 3063 vo·

230 3090 268 3125 ces
278 3079 403 3128 collocavit
414 3081 535 3142 exemplar
545 3082 682 3128 Palatinum.
700 3077 762 3127 reste
773 3092 829 3126 meo
840 3078 933 3133 iudicio.
952 3081 1017 3125 Idem.

249 3148 283 3192 ⁸9.
303 3144 366 3202 Quod
376 3158 396 3188 re
404 3145 481 3197 pudeat
486 3146 512 3204 ser
528 3147 580 3189 ienri
591 3145 706 3204 adsentiri,
722 3142 793 3204 quise
800 3157 854 3187 tanus
869 3145 927 3196 dne]
945 3147 997 3188 Vox
1009 3142 1103 3201 sapienti

231 3216 282 3249 non
292 3203 326 3272 cll
336 3206 361 3251 in
374 3205 420 3252 Pal.
434 3219 466 3266 pr.
481 3158 526 3253 mg
535 3206 547 3253 l
561 3222 632 3254 manu
641 3206 714 3268 longe
725 3205 865 3260 recentiori,
883 3207 906 3252 dc
918 3218 1010 3267 poterat
1020 3202 1102 3253 forsan

230 3263 318 3321 abesse,
336 3265 353 3313 sr
364 3269 413 3325 ejus
424 3269 479 3314 loco
491 3267 671 3321 substitueretur,
685 3274 711 3316 ei.
746 3267 820 3314 idem.

260 3343 295 3375 xo.
314 3337 388 3376 Omnes
404 3334 460 3376 enim
477 3336 591 3383 jucundum
607 3348 703 3387 neotum,
719 3346 759 3393 quo
769 3331 992 3390 seerfizsleilerenrurl
1008 3335 1102 3379 Hr'erent

225 3385 297 3471 [inber
313 3392 373 3443 liber
387 3391 575 3459 manuscriptus,
593 3412 654 3461 pro,
669 3396 788 3443 hilarentur
797 3390 814 3450 '5
828 3390 896 3457 'quod
912 3394 989 3456 magis
1013 3396 1102 3460 placet.

229 3454 297 3512 u’rstn.

964 3523 1099 3571 11.Etiem
