2318 3914
185 143 266 227 2466
385 132 449 203 Dra
470 136 556 202 Frrt.
579 131 678 201 Bon.
697 152 749 201 nr
769 132 887 203 Mati

184 252 235 310 illo
255 249 391 326 quidem,
418 252 556 326 inquam,
583 250 673 320 loco,
699 248 749 309 nili
766 246 897 323 iniquum
917 242 1061 319 pollulo;

184 326 318 401 responde
332 326 458 386 arbitratu
471 343 547 384 mco.
585 329 627 385 Ut
640 327 745 402 placet,
763 323 861 401 inquit.
890 318 965 379 tetfi
979 322 1059 380 enim

185 402 252 465 fflud
265 415 321 461 erat
328 404 430 478 aptius,
451 420 565 479 aequum
580 404 680 478 cuique
695 399 860 460 concedere.

224 478 500 538 11.⁶Ex1s11n0
523 480 604 555 igitur
625 521 634 548 ,
660 481 798 553 inquam,
824 475 926 545 Cato,
947 484 1060 533 veteres

157 520 246 613 3illos
260 553 378 614 Platonis
393 555 528 615 auditores
544 597 554 624 ,
574 553 771 631 Speusippum,
792 551 975 610 Aristotelem
985 550 1060 620 ,Xe-

186 643 352 697 nocratcm;
374 631 474 691 deinde
502 648 624 700 eorum,
650 631 860 696 Polemonem,
886 626 1060 702 Theophra·

167 706 275 776 .·ilum,
295 707 353 767 satis
367 710 397 766 dc
412 706 523 783 copiold
541 709 570 765 δι
593 708 730 783 eleganter
742 701 861 764 habuisse
875 703 1057 763 constitutam

187 782 372 858 disciplinam,
391 795 494 842 utnon
509 780 575 840 effet
594 782 670 841 causa
684 782 794 841 Zenoni
809 823 819 851 ,
839 778 905 838 cirm
920 779 1057 839 Polemo·

188 876 255 917 nem
270 856 381 917 audisset
396 901 405 928 ,
424 876 472 917 cur
487 861 516 917 δι
530 860 564 917 ab
577 875 613 917 eo
628 857 684 933 ipso
704 861 735 917 dt
754 858 770 916 a
787 856 973 933 superioribus
987 855 1058 915 diffi-

188 934 279 993 deret:
300 951 419 1010 quorum
434 937 486 994 fuit
498 935 560 993 haec
581 934 721 994 institutio.
757 936 786 992 in
805 950 860 1010 qua
879 932 1057 991 animadver-

188 1021 227 1069 tas
243 1011 344 1077 velim,
363 1010 429 1086 quid
442 1022 519 1086 putes
536 1010 699 1070 mutandum
715 1052 724 1078 ,
743 1028 796 1069 nec
809 1008 968 1085 exspectes,
988 1008 1055 1067 dum

187 1084 329 1144 adomnia
344 1087 452 1154 dicam,
470 1105 535 1163 quae
549 1088 564 1145 i
579 1101 607 1144 te
621 1086 692 1145 dida
706 1087 773 1145 sunt.
792 1085 918 1144 universa
931 1086 1012 1143 enim
1026 1084 1057 1147 it·

33 1214 36 1219 ⁴
54 1190 159 1240 mvn,
187 1159 280 1221 lorum
294 1162 399 1220 ratione
413 1180 477 1221 cum
490 1176 550 1245 tota
566 1163 650 1221 vestra
665 1162 872 1235 confligendum
888 1172 971 1235 puto.

226 1238 284 1310 Qui
298 1237 362 1295 edm
376 1238 517 1308 viderent,
534 1241 574 1297 ira
589 1256 640 1296 nos
655 1236 707 1296 elie
721 1251 818 1306 natos,
838 1248 870 1294 ut
883 1238 1054 1295 &commu-

190 1313 260 1371 niter
273 1314 308 1371 ad
322 1332 365 1371 eas
380 1315 491 1374 virtutes
505 1317 559 1390 apti
575 1312 712 1383 ellemus,
731 1331 796 1388 quae
823 1324 903 1371 notae
930 1311 1054 1371 illustres·

81 1408 84 1417 ·
170 1406 244 1464 -quc
258 1389 332 1458 sunt,
349 1390 478 1463 justitiam
493 1392 574 1458 dico,
594 1392 802 1463 temperantiam
830 1400 995 1464 ceterasque
1007 1404 1054 1463 ge-

188 1465 259 1524 neris
273 1466 411 1540 ejusdem
431 1484 495 1542 qnae
510 1484 608 1525 omnes
628 1465 726 1525 similes
746 1467 844 1524 artium
867 1464 1050 1551 reliquarum,

190 1542 321 1601 tmaterid
336 1540 440 1601 tantiam
456 1543 490 1602 ad
503 1543 648 1602 meliorem
663 1554 768 1618 partem
785 1542 815 1601 δι
828 1538 995 1599 tractatione
1002 1539 1050 1673 dfif-

1025 1630 1051 1671 e-

222 1851 243 1891 ς.
261 1838 308 1894 Erfi
316 1838 374 1883 illud
383 1837 507 1908 erataptt'us
519 1867 527 1890 ,
542 1853 622 1899 equum
633 1839 707 1896 cuique
716 1834 839 1890 macedan]
865 1837 921 1883 Haet
927 1828 985 1879 milti
994 1841 1044 1875 non

189 1898 304 1946 eohaerere
315 1899 420 1946 videntur
430 1913 489 1947 inter
501 1896 530 1947 se.
546 1902 598 1962 quis
609 1899 673 1946 eninr
684 1897 782 1953 dixerim
796 1910 851 1943 eum
863 1908 954 1960 aeqnnm
962 1904 1044 1941 eonce-

183 1959 263 2019 ditur,
278 1960 303 2009 id
315 1975 395 2024 aprum
406 1959 464 2009 eii‘ei
479 1962 556 2023 potius
566 1961 648 2021 lolium
659 1958 719 2007 elle:
736 1958 752 2006 fi
764 1957 840 2007 modo
854 1960 887 2006 ad
901 1958 934 2007 rei
943 1954 1049 2003 utrumn

187 2025 368 2072 accommodare
379 2025 447 2071 vet-ba
458 2026 572 2073 volumus.
608 2030 717 2071 timeret
728 2021 780 2070 satis
796 2020 856 2069 milri
873 2018 983 2069 nondum
992 2032 1052 2067 eon·

185 2084 246 2142 ssat,
261 2101 331 2135 anea
342 2085 381 2134 usu
392 2088 479 2135 Latina
490 2088 574 2149 lingue
586 2085 632 2134 dici
642 2084 725 2148 pellit,
740 2087 811 2147 aptius
819 2080 1054 2145 eratconcedm‚quid

185 2152 223 2195 cui
237 2166 352 2212 mquam
362 2148 397 2207 est.
430 2154 481 2209 Ego
492 2152 633 2196 Ciceronem
649 2161 687 2194 aut
704 2152 842 2200 Catonem,
857 2145 870 2190 d
883 2146 1004 2194 Cicerone
1016 2143 1055 2191 in·

187 2164 297 2265 deiram,
313 2224 371 2273 poto
381 2212 426 2258 lroc
436 2209 576 2273 significare,
584 2226 633 2257 non
645 2208 720 2256 modo
730 2211 804 2271 aptius
815 2204 906 2264 idelse,
921 2222 948 2255 ut
959 2204 1057 2269 respon·

183 2272 270 2321 dentur
280 2273 320 2321 sabi
336 2273 415 2326 adea,
432 2288 482 2332 qun
493 2273 540 2327 iarn
551 2274 640 2320 dixerat
652 2272 681 2319 de
698 2274 829 2320 Stoicorum
844 2273 871 2318 dt
888 2270 1054 2332 Peripatetico·

187 2346 240 2383 rum
259 2333 419 2389 dillcniione5
436 2349 516 2381 verunt
535 2339 607 2382 etiarn
630 2348 730 2395 acquum.
763 2335 792 2381 ad
814 2347 890 2394 quam
911 2330 1054 2380 sententiam

187 2411 268 2459 aptare
280 2398 349 2445 verbo
359 2412 411 2443 cum
423 2398 509 2445 vellem
522 2429 528 2450 ,
545 2398 577 2444 ira
595 2397 721 2460 legendum
737 2395 835 2456 judicavi
848 2410 853 2440 :
880 2395 918 2451 etfi
935 2396 998 2441 titud
1010 2406 1055 2440 em

186 2463 258 2521 aptius
268 2476 389 2522 aqtruragtut
399 2461 508 2507 toncedrrn
526 2463 548 2506 P.
566 2464 655 2507 ttarrnt.
688 2461 734 2516 Etfi
749 2460 806 2505 illud
820 2469 866 2505 erat
877 2460 959 2519 aeqm'res
970 2490 985 2512 ,.
991 2458 1054 2517 sm

186 2525 263 2584 tuique
271 2526 394 2578 comedam]
408 2524 444 2569 Sic
455 2522 540 2569 rellitui
551 2521 602 2569 libri
614 2524 680 2569 unius
692 2522 775 2569 veteris
791 2518 886 2582 vestigia
903 2516 1014 2575 secutus;
1029 2519 1056 2567 in

179 2598 238 2645 ‘quo
248 2586 280 2633 ita
291 2584 399 2645 l'crlprorn
411 2583 456 2639 est,
471 2585 507 2640 etss
515 2586 573 2630 illud
583 2599 628 2631 crat
638 2589 730 2641 nanim,
744 2599 825 2644 aquam
835 2586 911 2643 cuique
922 2584 970 2632 (rc.
988 2594 1057 2628 nam·

188 2660 235 2708 que
245 2647 291 2693 hoc
302 2664 382 2710 aquam
399 2661 481 2694 natum
497 2646 529 2693 est
548 2661 576 2693 ex
593 2662 651 2695 voce
660 2653 746 2709 aquius.
767 2643 903 2693 Lambinus.
936 2645 986 2701 Etfi
999 2647 1057 2689 enin

185 2711 246 2756 illud
255 2723 300 2756 crat
310 2715 379 2772 aptius
390 2712 447 2768 dan]
462 2711 581 2757 Revocnvi
591 2715 647 2755 enim
659 2726 687 2758 ex
700 2708 750 2758 mli]
764 2709 821 2756 Poll.
832 2709 858 2755 δι
870 2704 925 2769 edd
938 2718 998 2755 vett.
1014 2719 1058 2754 ex·

186 2770 301 2820 cluserant
312 2773 436 2828 neoterici,
451 2774 524 2820 totins
535 2770 652 2820 senttrrtiae
662 2773 736 2821 ruini.
753 2770 828 2817 adhuc
838 2769 948 2817 licentius
958 2756 1057 2817 camli-

186 2849 230 2882 nus
241 2835 357 2895 objecerat
369 2834 449 2890 nobis;
465 2835 502 2891 erfi
512 2836 569 2879 illud
578 2848 623 2880 crat
632 2841 712 2898 aquius
722 2837 782 2889 [uum
791 2835 865 2893 cuique
876 2834 992 2881 concedere.
998 2828 1056 2892 qrtid

185 2899 251 2946 enim
261 2896 388 2946 esterirare
402 2899 519 2959 aliquem,
535 2895 551 2941 sr
563 2896 609 2942 hoc
620 2913 668 2944 non
679 2898 730 2945 esti
747 2895 804 2943 mird
816 2893 867 2941 lreic
878 2893 950 2941 laaetet
963 2898 988 2943 Ρ.
999 2898 1055 2942 Ma·
1098 2912 1103 2921 ·

184 2960 339 3017 nutius‚dunr
351 2977 400 3008 non
412 2960 512 3007 attendit
524 2957 674 3007 dillinstioni.
691 2959 792 3023 scaliger
801 2955 890 3005 secutur
900 2954 1058 3005 libroslam·

175 3020 235 3077 tini
245 3023 386 3071 emendabat
393 3056 400 3078 ,
407 3026 442 3080 etfi
455 3025 512 3071 illud
524 3035 568 3068 erat
580 3025 672 3084 aquius,
682 3025 748 3083 suum
758 3023 839 3082 cuique.
846 3016 871 3067 id
881 3017 980 3075 est,suo
989 3016 1060 3083 quid·

187 3100 235 3149 que
245 3088 308 3134 loco.
326 3091 413 3133 Gruter.

220 3155 242 3195 ⁶.
259 3149 384 3207 Exrsrimo,
400 3152 509 3210 inquam]
538 3151 570 3194 At
588 3146 703 3195 vidiorius
723 3144 746 3191 in
761 3142 967 3206 utraqueexistim
982 3146 1060 3207 igitur,

185 3214 285 3272 inquam.
301 3213 327 3258 δι
338 3209 367 3257 stc
378 3225 475 3271 quoque
487 3214 537 3258 MS.
553 3224 626 3256 meus.
651 3207 800 3269 Hervagiana
815 3205 933 3265 existimo,
954 3210 1058 3271 inqua.

186 3279 251 3327 cato,
267 3276 335 3330 ianm
345 3286 431 3319 vetares.
449 3276 520 3321 certe
531 3271 579 3319 hac
589 3271 674 3319 vocula
684 3268 890 3319 nondebueratira
901 3266 1005 3332 segniter
1014 3272 1066 3318 nee‘

186 3332 282 3400 prefata
292 3335 430 3383 austeritate
441 3335 528 3383 omitti.
545 3338 641 3383 Gronov.

217 3413 240 3444 ν.
257 3400 351 3444 Materia
362 3412 447 3443 tatarum
457 3399 487 3443 ad
497 3400 605 3443 meliorem
614 3410 697 3458 partem
708 3397 766 3455 &nl
789 3394 853 3458 Quid
871 3392 914 3443 sibi
924 3394 976 3447 ltaee
988 3392 1060 3446 verb!

186 3460 272 3517 velint,
280 3462 309 3509 aa
317 3463 424 3511 melinum
430 3472 584 3525 paratomon
594 3458 700 3525 dispiciat
708 3460 809 3520 Omnino
818 3456 879 3518 tullii
887 3457 1062 3575 stipem
