2318 3914
249 131 331 196 2410
436 110 500 176 Dr
521 111 609 176 Ftu.
632 62 731 176 flou.
752 129 803 176 ur
826 110 940 177 Mar.

248 241 335 289 tatem
349 239 444 299 utens,
465 229 548 288 etiam
570 227 626 286 fine
646 227 700 285 hac
720 226 838 304 Pyladea
852 228 992 297 amicitia,
1013 231 1124 291 multo.

248 323 311 363 rum
330 316 359 363 te
379 304 573 365 benevolendi
593 302 722 378 ptaeclare
743 304 774 362 ὃ(
792 301 929 373 tuebere,
949 306 979 363 &
1000 309 1116 367 munies.

204 395 239 472 85
250 385 290 441 At
304 383 419 459 quicum
437 383 527 457 joca,
552 381 617 439 feria
637 423 646 449 ,
673 391 703 441 ut
718 380 838 451 dicitur,
858 382 973 454 quicum
995 382 1115 452 arcana,

248 459 364 535 quicum
378 458 488 517 occulta
501 454 617 516 omnia?
638 455 752 514 Tecum
767 455 872 531 optime
888 477 895 514 :
916 456 1018 515 deinde
1034 460 1117 518 etiam

100 534 225 609 432⁸!st
250 553 315 593 cum
330 535 466 594 mediocri
478 536 580 592 amico.
619 532 672 590 Sed
686 534 730 591 fac
744 531 790 590 ista
812 530 864 591 elle
885 551 943 590 non
964 534 1121 610 tinoppor·

100 597 143 642 '¹¹¹
153 609 333 671 '‘⁰1²⁰‘'tuna:
354 609 422 687 quid
435 610 469 668 ad
479 610 626 668 utilitatem
639 619 724 666 tantae
738 610 864 682 pecuniae
879 607 890 665 ?
911 608 998 667 Vides
1020 612 1119 687 igitur,

102 669 166 710 ω·
249 688 270 747 fl
284 689 433 747 amicitiam
446 687 491 744 sua
505 687 615 744 caritate
629 686 759 753 metiare,
779 685 846 742 nihil
860 683 912 743 elie
932 685 1118 760 praestantius:

249 764 289 824 fin
317 764 536 831 emolumento,
561 761 680 820 summas
709 761 901 819 familiaritates
945 763 1116 837 praediorum

246 839 427 917 pretiosorum
449 838 578 897 mercede
597 837 720 912 superati.
758 837 809 894 Me
830 837 911 911 igitur
932 838 1024 911 ipsum
1044 857 1118 900 ames

248 929 376 992 oportet,
396 932 455 974 non
469 931 549 984 mea,
568 913 659 972 faveri
673 913 755 971 amici
769 915 853 970 futuri
866 912 966 971 sumus,

285 991 408 1050 XXVII.
430 991 503 1057 Suu
533 1009 571 1049 ru
601 990 679 1048 rebus
706 989 873 1064 apertillimis
897 989 1023 1049 nimium
1042 991 1118 1067 longi

247 1069 349 1130 fumus.
388 1067 511 1141 perfeeto
538 1066 614 1125 enim
641 1067 671 1124 δί
692 1065 847 1132 concluso,
888 1084 981 1142 neque
1010 1068 1118 1127 virtuti-

247 1145 316 1215 bus,
335 1162 426 1229 neque
440 1143 565 1201 amicitiis
579 1160 694 1218 usquam
707 1142 802 1200 locum
817 1138 887 1211 effe,
907 1141 927 1200 fr
940 1143 976 1201 ad
990 1145 1120 1220 volupta-

209 1256 212 1271 ι
246 1232 306 1281 tem
321 1221 417 1278 omnia
432 1221 597 1278 referantur:
616 1218 684 1277 nihil
696 1231 827 1293 praeterea
841 1234 1012 1294 magnopere
1024 1220 1117 1280 dicen-

202 1350 205 1359 .
247 1296 325 1357 dum.
363 1308 501 1365 attamen,
521 1296 614 1354 necui
628 1294 694 1353 loco
709 1311 767 1353 non
787 1291 910 1352 videatur
931 1292 987 1354 elle
1007 1296 1118 1373 respon·

248 1371 327 1443 funt,
346 1390 433 1448 pauca
447 1373 531 1431 etiam
545 1388 619 1429 nunc
633 1369 723 1431 dicam
744 1368 779 1428 ad
798 1370 934 1446 reliquam
955 1374 1115 1432 orationem

205 1445 336 1510 86tuant.
374 1449 519 1524 Quoniam
534 1448 615 1522 igitur
629 1447 720 1505 omnis
742 1444 848 1504 summa
869 1446 1054 1523 philosophiae
1081 1451 1115 1508 ad
1138 1482 1140 1487 η

247 1524 326 1584 beate
341 1524 491 1584 vivendum
513 1525 649 1593 refertur,
668 1522 752 1599 idque
772 1540 861 1581 unum
882 1541 916 1602 ex
937 1534 1045 1583 etentes
1062 1525 1115 1583 ho·

246 1602 336 1660 mines
350 1600 376 1659 se
390 1600 424 1659 ad
439 1601 494 1659 hoc
508 1599 625 1658 studium
640 1599 814 1658 contulerunt
829 1618 836 1655 ε
856 1596 936 1658 beate
957 1612 1054 1659 autem
1075 1602 1115 1660 vi-

247 1694 314 1735 vere
328 1677 370 1735 alii
384 1679 413 1736 in
428 1676 500 1744 aiio,
520 1693 570 1734 vos
584 1677 613 1734 in
627 1676 768 1750 voluptate
782 1675 899 1750 ponitis,
918 1675 989 1734 item
1005 1675 1111 1747 contra,

101 1773 114 1807 t
128 1754 384 1828 miseriamromnem
398 1752 587 1811 infelicitatem
601 1753 629 1810 in
644 1752 757 1810 dolore:
776 1749 805 1808 id
817 1750 938 1826 primum
952 1752 1113 1822 videamus,

102 1833 202 1869 ΝΜ
216 1828 328 1887 ¹¹1beate
344 1831 438 1887 vivere
451 1827 570 1886 vestrum
582 1827 663 1903 quale
677 1826 716 1886 fit.
756 1827 849 1902 Atque
869 1828 925 1885 hoc
936 1824 1064 1899 dabitis,
1083 1841 1113 1888 ut

101 1884 173 1932 ωδ·
249 1908 367 1981 opinor,
388 1903 509 1963 simodo
524 1904 556 1963 fit
569 1903 694 1980 aliquid,
715 1900 768 1961 elle
788 1903 922 1972 beatum‘,
942 1900 971 1962 id
986 1916 1113 1980 opottere

232 1992 340 2040 ‘totum
354 1982 422 2057 poni
435 1982 465 2039 in
479 1979 610 2054 potestate
629 1977 760 2055 sapientis.
798 1995 863 2037 narn
880 2022 889 2048 ‚
909 1977 929 2039 fi
950 1982 1043 2041 amitti
1061 1982 1113 2040 vita

247 2046 325 2117 bea‘ta
338 2057 442 2134 potest,
462 2052 607 2114 beata'effe
622 2073 678 2113 non
701 2054 796 2130 potest.
822 2055 881 2130 quis
899 2056 977 2119 enim
1000 2056 1113 2117 confidit

246 2132 354 2208 semper
367 2133 415 2191 sibi
428 2131 494 2190 illud
514 2131 603 2189 stabile
623 2133 653 2189 &
672 2129 783 2189 firmum
798 2130 1023 2206 permansurum,
1037 2133 1112 2209 quod

245 2207 340 2284 fragile
367 2207 546 2267 &caducum
562 2206 593 2265 frt
610 2205 622 2263 ἓ
643 2208 690 2282 qui
705 2220 798 2264 autem
820 2206 926 2266 diffidet
939 2211 1113 2283 perpetuitati

100 2255 221 2370 „Qu
246 2285 387 2343 bonorum
407 2282 517 2340 suorum
533 2325 542 2349 ,
561 2285 657 2343 timeat
679 2280 785 2341 necelfe
805 2281 866 2351 est,
886 2301 923 2342 ne
946 2283 1112 2359 aliquando,

222 2353 229 2367 '
246 2360 344 2420 amiffts
357 2359 426 2428 illis,
445 2358 476 2416 srt
490 2357 576 2418 miser.
597 2359 690 2418 beatus
704 2370 798 2419 autem
812 2356 864 2416 elle
877 2359 907 2419 in
928 2360 1113 2421 maximarum

247 2454 340 2495 rerum
354 2437 456 2494 timore
469 2453 557 2495 nemo
573 2434 669 2512 potest.

202 2523 238 2596 87
288 2513 384 2570 Nemo
397 2513 478 2587 igitur
492 2507 545 2568 effe
558 2512 650 2571 beatus
664 2510 760 2586 potest.
778 2512 957 2586 nequeenim
978 2513 1013 2571 irr
1024 2513 1113 2592 aliqua

101 2616 113 2650 s
128 2602 162 2648 iu
173 2601 227 2650 tria.
249 2600 343 2664 parte,
362 2587 407 2645 fed
420 2589 449 2645 in
463 2590 642 2662 perpetuitate
654 2587 785 2662 temporis
807 2588 861 2645 vita
881 2588 960 2656 beata
973 2588 1058 2649 ⁸duci
1070 2590 1110 2651 fo·

102 2661 206 2714 aridei.
248 2666 304 2725 let:
323 2682 415 2740 neque
428 2664 705 2738 appellaturomnino
720 2665 775 2720 vita
789 2663 866 2721 beata
882 2707 892 2732 ‚
911 2662 961 2721 nisr
984 2666 1110 2727 confecta

247 2753 330 2820 atque
344 2739 480 2802 absoluta:
498 2757 552 2804 nec
571 2740 658 2816 potest
679 2739 823 2816 quisquam
843 2740 906 2804 aliis
926 2738 1024 2801 beattu
1044 2741 1110 2880 ealliiei,
1144 2740 1150 2759 '

1099 2836 1110 2879 t

248 2999 349 3047 letarum
363 2997 495 3048 editionum
509 2997 643 3059 scripturam
661 2997 806 3060 pertinaciter
821 2997 949 3048 lactentem
966 2998 993 3047 in
1003 2999 1110 3050 aaronis

248 3060 370 3118 omuibus,
385 3075 454 3111 tanto
464 3063 540 3126 magis
551 3058 615 3122 quod
625 3057 754 3121 displiceret
764 3060 894 3115 Lambinu,
909 3063 946 3110 eui
954 3061 980 3110 in
991 3060 1110 3113 deliciistti

247 3123 405 3174 liberalitatem.
421 3126 517 3173 interim
527 3121 659 3172 monendus
670 3123 744 3171 leflot
755 3122 862 3171 nondum
873 3125 957 3172 Tullio
972 3122 1039 3175 suam
1049 3125 1109 3175 addi·

248 3195 300 3233 tam
311 3183 510 3241 sententiam,nift
521 3186 640 3244 ejiciamus
651 3188 785 3253 negativam
795 3201 904 3262 namque
911 3187 977 3235 nulla
983 3186 1109 3252 prorsusell

248 3246 276 3295 in
286 3247 332 3295 Pal.
345 3250 434 3308 primo,
450 3249 548 3309 heicque
558 3249 632 3296 menti
642 3248 761 3311 loquentis
771 3251 877 3298 maxime
887 3249 1036 3309 adversatur,
1059 3264 1109 3301 meu

249 3307 346 3370 quidem
358 3310 450 3368 judicio.
465 3312 522 3372 quid
533 3308 597 3372 quad
608 3310 671 3359 idem
681 3330 720 3358 non
736 3312 873 3367 subdudfum
888 3313 957 3361 lineis
973 3314 999 3361 in
1012 3315 1109 3378 scoliae

248 3384 315 3418 rano.
331 3375 395 3423 Grut.
411 3378 490 3434 Quum
502 3375 561 3442 &in
575 3371 618 3420 suis
629 3375 771 3424 membranis
781 3374 812 3423 lic
823 3373 939 3442 repetiisti
950 3389 1042 3440 patet,
1055 3375 1110 3439 laidi·

247 3434 310 3485 cavit
320 3436 426 3487 Tullium
436 3434 544 3501 scripiifle
554 3436 676 3490 uterinam.
705 3442 814 3492 Gronov.
883 3496 886 3501 ,

1002 3519 1042 3564 ¹3·
1057 3510 1111 3559 ΒΜ
