2318 3914
248 136 332 208 2552
427 121 510 187 ·Dn
528 118 618 184 'th
640 114 738 182 non.
760 130 811 180 nn
833 111 952 179 Man.

245 228 336 365 ἔξω
358 240 460 303 magna
479 224 594 283 dicam:
622 222 688 287 clun
717 221 901 299 expetenda,
930 220 1133 300 qudmuelde,

245 298 1129 460 milituensisaffidlnllnlrlafflr

246 460 382 535 produdla
397 456 529 534 appellas:
551 455 647 515 omnia
661 454 709 514 ista
723 450 831 512 necesse
845 452 883 513 est
895 453 1059 541 obscurari,
1076 478 1128 521 nec

246 552 379 612 apparere
406 538 437 593 &
457 536 487 595 in
502 535 632 603 virtutes,
652 544 797 608 tamquam
813 531 843 590 in
863 530 926 591 solu
945 534 1069 607 radios,
1086 538 1128 599 in-

246 631 364 671 currere.
725 634 729 643 ·
839 632 871 666 -τ

202 697 239 755 91
283 691 325 749 At
339 689 434 758 enim,
453 705 509 765 qua
523 690 552 747 in
566 689 623 746 vita
639 684 676 745 est
692 685 795 763 aliquid
810 685 893 754 mali,
913 702 946 743 ea
970 683 1028 745 else
1050 688 1125 751 beata

245 784 305 826 non
319 766 417 841 potest.
455 766 503 824 Ne
516 765 590 841 seges
609 763 725 842 quidem
739 765 828 838 'igitur
847 761 925 838 spicis
939 761 1074 827 uberibus
1098 770 1126 830 dt

242 843 360 912 crebris,
380 843 533 903 flavenam
548 841 633 917 ipsam
649 841 747 899 videtis
764 860 771 898 :
798 857 852 898 nec
872 851 1033 903 mercatura
1047 862 1124 920 quaeq

243 919 356 989 stuosa,
377 919 439 979 srin
455 920 583 977 maximis
598 918 677 976 lucris
691 935 788 991 parum
809 915 912 995 aliquid
932 917 1034 977 damni
1050 939 1122 981 cou-

241 998 362 1055 traxerit.
404 994 432 1050 ⁸5
441 997 488 1055 An
502 995 559 1054 hoc
571 994 768 1072 usquequaque
781 994 857 1052 aliter
870 993 901 1051 in
916 991 999 1053 vita?
1020 997 1057 1055 δι·
1066 1016 1120 1059 nou

243 1090 278 1130 ex
294 1074 416 1131 maxima
430 1086 506 1146 parte
518 1072 554 1130 de
567 1083 627 1131 tota
638 1069 792 1147 judicabis?
806 1087 842 1128 an
855 1069 974 1129 dubium
990 1072 1120 1151 est,quin

241 1149 327 1207 virtus
343 1151 380 1207 ita
395 1150 547 1207 inanimam
562 1162 670 1222 partem
683 1149 806 1206 obtineat
821 1148 850 1205 in
870 1147 952 1206 rebus
973 1147 1119 1221 humanit,

242 1236 273 1283 ut
286 1226 401 1302 reliquas
415 1224 533 1284 obruat?
552 1225 661 1284 audebo
681 1226 763 1300 igitur
785 1235 909 1293 caetera,
934 1241 1006 1301 quae
1026 1226 1119 1289 secutr-

96 1302 212 1369 ¹l¹¹9ffls
244 1300 312 1360 dum
326 1315 451 1361 naturam
465 1302 543 1373 sunt,
563 1302 636 1360 bona
657 1300 817 1379 appellare,
843 1317 896 1359 nec
917 1301 1051 1363 fraudare
1072 1303 1118 1365 suo

97 1371 217 1468 ⁸⁰¹¹u⁸³l2
242 1380 330 1437 veteri
344 1380 498 1448 nnomine,
518 1377 603 1455 quim
621 1377 724 1454 aliquid
737 1377 828 1465 potius
843 1394 953 1436 novum
962 1381 1120 1465 exquirere,

94 1434 221 1547 ξζῗῗῃόζ,
242 1455 350 1515 virtutis
363 1468 457 1514 autem
472 1454 682 1531 amplitudinem
704 1452 780 1531 quasi
798 1472 828 1514 m
847 1454 931 1513 altera
949 1454 1031 1517 hbrae
1044 1458 1118 1517 lance

97 1549 177 1599 nunu.
265 1549 360 1591 onere.
427 1568 430 1574 -
944 1552 948 1559 ·

200 1549 263 1686 qap
279 1608 417 1679 Terram,
437 1610 506 1669 mihi
526 1609 632 1679 crede,
671 1627 704 1668 ea
722 1609 786 1669 lanx
813 1609 843 1667 &
863 1609 951 1667 maria
972 1600 1115 1685 deprimet.

242 1684 350 1760 semper
362 1688 440 1744 enim
454 1704 490 1745 ex
504 1704 558 1755 eo,
577 1686 656 1762 quod
671 1687 806 1745 maximas
829 1697 917 1762 partes
930 1688 1065 1747 continet
1081 1689 1115 1748 lt·

171 1822 174 1827 ,
242 1760 397 1838 tillimeque
418 1762 564 1831 funditur,
590 1775 650 1822 tota
671 1781 712 1822 res
733 1761 890 1839 appellatur.
929 1762 1054 1824 dicimus
1073 1764 1114 1825 ali·

242 1855 328 1914 quem
342 1838 426 1898 hilari
439 1841 541 1898 vivere.
561 1840 658 1915 igitur,
678 1840 698 1896 sr
712 1839 797 1898 semel
810 1838 909 1896 tristior
922 1838 1043 1899 effecius
1064 1841 1112 1911 est,

134 1922 160 1970 n.
181 1923 206 1968 a.
243 1914 327 1974 hilara
342 1918 398 1975 vita
413 1915 504 1975 amissa
517 1915 576 1979 cll?
595 1918 654 1974 ¹frit
668 1916 725 1975 hoc
737 1917 767 1974 in
781 1933 817 1972 eo
833 1915 878 1973 M.
886 1912 984 1974 Crasso
1001 1959 1012 1987 ,
1032 1936 1113 1995 quem

92 1982 218 2093 idm
242 1989 1114 2131 qemenanqqnntqqqq,333r353n1q33,cqe3

94 2086 652 2224 fflfingitstdddildddsiddidendoaqp’pldllant.
671 2111 743 2203 nihil'
752 2145 887 2203 acciderat
901 2110 946 2214 ei,
965 2089 1113 2223 qdodnol-

236 2221 293 2291 let,
312 2222 363 2280 nist
397 2220 454 2281 udd
468 2223 600 2291 anulum,
618 2238 677 2298 quo
692 2221 898 2291 deledlabatur,
917 2225 948 2280 in
970 2241 1051 2283 mare
1071 2226 1115 2284 ab·

236 2299 351 2373 jecerat.
377 2238 453 2373 drgo
475 2300 570 2357 infelix
590 2316 645 2357 una
667 2298 813 2356 molestia:
834 2298 899 2356 felix
921 2299 1030 2371 rursm,
1050 2300 1112 2363 clun

237 2372 329 2447 isipse
343 2372 439 2433 anulus
451 2374 479 2433 in
495 2374 652 2450 praecordiis
666 2373 742 2450 piscis
755 2375 884 2432 inventus
899 2375 946 2433 est.
966 2376 1111 2450 lllevero,

240 2446 433 2524 siinsipiens,
459 2451 549 2527 (quod
569 2451 668 2519 certe,
694 2452 828 2527 quoniam
849 2454 1002 2527 tyrannus)
1031 2473 1113 2515 num-

238 2542 323 2602 quam
338 2527 439 2587 beatus.
459 2527 618 2603 fisapiens:
639 2545 675 2586 ne
694 2540 756 2586 tum
776 2527 892 2603 quidem
919 2529 1003 2590 miser
1017 2572 1028 2600 ,
1042 2531 1127 2669 Squqq.

269 2794 306 2843 ες.
325 2793 368 2834 Aa
381 2790 421 2834 buc
431 2804 591 2853 usquequaque,
608 2790 672 2834 aliter
682 2790 704 2833 in
718 2789 784 2833 nitur
803 2788 829 2839 dr
841 2805 881 2834 nou
890 2788 950 2847 &nl
976 2791 1016 2841 sic
1026 2791 1114 2843 hibent

237 2864 322 2899 omnes
335 2850 422 2900 libri&
433 2850 545 2904 manuscr.
559 2855 582 2899 ἃ
596 2852 659 2914 typis
670 2848 771 2912 impressi
784 2884 791 2906 ,
808 2849 850 2899 nisr
866 2850 933 2914 quod
948 2855 1113 2920 interpunctio

236 2913 319 2963 vitiosa
330 2913 375 2969 est,
392 2917 416 2963 dt
432 2915 622 2978 interrogationis
636 2927 693 2961 nota
703 2912 844 2961 desideratur
854 2914 919 2978 poll,
936 2919 1004 2966 aliter
1015 2922 1111 2967 invita?
1143 2932 1147 2941 ·

235 2992 313 3039 neque
325 2993 386 3024 nunc
403 2978 491 3033 video,
507 2993 578 3041 quare
595 2978 636 3035 hic
652 2977 781 3038 quidquam
798 2989 916 3026 mutatum
931 2977 981 3038 sit,
1000 2982 1113 3047 quamvis

234 3039 295 3085 olim
306 3040 373 3087 aliter
384 3038 498 3090 senserim.
531 3042 579 3088 lite
594 3038 779 3088 enimscntentia
789 3039 822 3089 cst
835 3074 842 3096 ,
858 3058 887 3086 an
896 3044 934 3087 boc
949 3060 1112 3110 usquequaque,

232 3100 258 3149 id
271 3100 316 3156 cll,
332 3104 356 3148 in
369 3106 435 3151 omni
450 3120 486 3158 re,
503 3102 719 3166 iudicabis,nempe
730 3104 917 3168 unumquodque
926 3104 974 3155 else
986 3109 1111 3175 appellan-

234 3163 291 3211 dum
303 3178 332 3210 cx
344 3168 434 3223 majore
444 3180 522 3229 parte,
540 3165 602 3214 verbi
615 3167 702 3228 gratia,
713 3166 804 3215 bonum
815 3168 841 3216 id
851 3167 966 3224 dicimus,
981 3172 1051 3231 quod
1058 3172 1111 3236 plut

155 3269 158 3273 .
235 3227 306 3276 habet
316 3226 373 3272 boni
385 3229 457 3290 qnam
470 3230 528 3278 mali
541 3247 548 3286 5
566 3232 591 3278 δι
603 3230 626 3276 id
637 3228 705 3277 dulce
715 3230 828 3286 dicimus,
844 3230 909 3293 quod
922 3232 974 3292 plus
986 3236 1013 3282 in
1024 3232 1113 3283 secon-

236 3291 296 3338 tinet
308 3288 436 3337 dulcedinis
447 3292 520 3352 qu'am
531 3295 659 3350 amatoris,
676 3296 701 3342 ἃ
712 3293 745 3341 itu
755 3293 785 3341 dc
795 3296 890 3343 cereris:
913 3296 984 3343 aliter
994 3300 1110 3347 autemin

234 3354 283 3400 vita
298 3351 319 3399 se
330 3352 414 3399 talen
426 3356 584 3414 existimabis,
601 3358 625 3405 ἃ
648 3372 697 3403 non
713 3354 742 3403 de
756 3368 808 3404 tota
823 3357 871 3405 vita
886 3373 916 3406 ex
932 3360 1028 3419 majore
1043 3374 1110 3424 patre

234 3417 287 3464 vitae
304 3414 439 3469 indicabis?
468 3417 553 3472 idest,
581 3435 629 3467 non
647 3418 758 3478 judicabis
773 3433 828 3470 eam
843 3420 1109 3482 vitambeutumeffe‚

230 3477 654 3545 inqnaplnssitbouiquammnli?
688 3482 816 3534 Lambinus.
1066 3548 1103 3598 A

1008 3556 1048 3600 u.
1095 3566 1107 3593 ι
