2318 3914
167 134 169 143 ¹
229 92 794 183 Linonsr‘cuunu's.
869 133 949 199 2403

38 256 42 263 ‚
114 239 117 245 '
177 233 296 284 ”Nemo
308 220 429 302 piusess,
448 225 494 355 gui
507 223 629 297 pietatem
648 240 723 253 ··-

79 300 160 359 Cave
174 301 323 378 quidquam
337 311 416 374 putes
431 317 445 355 e
467 299 594 357 everius.
631 314 684 354 nec
699 295 791 365 enim,
811 296 877 355 dum
885 314 949 354 me-

78 377 150 446 tuit,
164 377 248 452 iustus
262 376 315 435 est:
337 378 366 434 δι
381 372 473 440 cette,
487 373 507 431 fi
520 385 645 431 metuere
659 372 803 438 destiterit,
821 374 947 431 nouerit.

80 459 110 504 ⁹5
118 471 176 512 non
190 464 297 512 metuet
312 463 424 517 autem,
443 448 536 507 9⁶five
549 449 637 507 celare
650 448 768 522 poterit,
787 446 841 505 five
849 449 944 521 opibus

79 531 185 602 magnis
200 571 209 595 ,
228 525 366 604 quidquid
386 526 505 595 feeerit,
524 525 673 593 obtinere,
700 520 827 598 certeque
839 522 967 584 hmaleth
984 541 1067 591 naua

77 603 223 664 existimari
238 605 328 661 bonus
344 602 442 669 vir,ut
456 618 513 673 non
528 600 576 669 stt,
597 597 683 676 quim
698 593 770 667 esse,
790 611 819 657 ut
828 616 886 656 non
894 616 944 672 pu·
953 603 1004 657 nm,

76 691 159 739 tetur.
199 683 258 748 ita,
278 676 356 752 quod
370 677 545 736 certiffimuru
559 676 623 744 est,
654 692 705 749 pro
732 692 796 732 vera
816 687 943 760 certaque

71 755 178 830 justitia
198 753 401 814 simulationem
423 754 500 813 nobis
517 752 629 828 justitiae
643 750 769 818 traditis;
790 751 947 823 praecipitrs-

75 849 134 906 que
157 831 283 908 quodam
303 829 390 889 modo
409 873 418 899 ‚
437 841 467 887 ut
481 829 601 889 nostram
615 826 734 913 stabilem
751 825 946 884 conscientiam

76 920 319 974 contemnamus,
344 905 459 965 aliorum
478 916 615 964 errantem
638 904 802 979 opinionem
827 917 946 976 aucupe·

77 1000 155 1040 mur.

118 1061 195 1133 Quae
209 1057 262 1117 dici
276 1057 372 1119 eadem
389 1056 424 1117 de
444 1059 539 1117 ceteris
563 1056 704 1116 uirtutibus
724 1051 855 1131 poffunt:
876 1071 942 1128 qua·
957 1048 991 1104 7²

77 1150 141 1191 rum
166 1136 291 1193 omnium
311 1133 491 1193 fundamenta
513 1152 563 1192 vos
575 1134 605 1192 in
620 1133 777 1207 voluptate,
796 1147 941 1206 tamquam

75 1210 107 1266 in
122 1227 190 1285 aqua
204 1211 311 1284 ponitis.
349 1210 427 1282 Quid
441 1212 515 1268 enim
523 1232 532 1278 ;
553 1211 693 1269 fortemne
713 1206 853 1283 possumus
866 1206 942 1264 dice-

75 1301 109 1342 re
122 1285 239 1345 eundem
253 1286 330 1344 ilium
346 1285 552 1362 Torquatum?
580 1285 701 1347 deieeior
722 1285 795 1343 enim
812 1327 821 1354 ‚
840 1300 941 1360 quam·

75 1378 161 1494 guam
178 1374 207 1420 te
226 1380 285 1421 non
306 1358 439 1436 poffum,
476 1374 507 1420 ut
528 1362 588 1430 ais,
627 1378 826 1434 corrumpere:
865 1358 940 1417 delc-

104 1455 155 1506 or,
172 1438 285 1512 inquam
302 1479 312 1504 s
331 1435 477 1497 &familiai
498 1436 607 1506 vestra,
627 1439 657 1496 &
670 1439 795 1495 nomine.
833 1437 863 1495 &
876 1437 954 1545 hes-i
969 1499 1087 1552 modorir

943 1563 994 1614 ulii.

73 1512 136 1569 cule
157 1514 241 1572 ¹mihi
266 1515 307 1572 uir
327 1515 448 1589 optimus
481 1514 619 1588 nostrique
646 1512 866 1579 amantiii‘rmus,
899 1511 936 1569 A.

73 1586 251 1663 Torquatus,
271 1589 388 1648 versatur
409 1602 472 1648 ante
494 1590 613 1648 oculos:
633 1590 709 1664 cujus
727 1601 862 1664 quantum
884 1586 937 1646 stu-

72 1662 151 1722 dium
177 1667 206 1723 &
220 1664 306 1741 quam
333 1664 438 1740 infigne
452 1667 533 1725 suerit
548 1683 610 1740 erga
625 1684 672 1723 me
686 1665 855 1739 temporibus
870 1663 938 1734 iliis,

72 1756 138 1819 quae
150 1753 217 1803 nota
231 1741 291 1803 suut
305 1743 451 1810 omnibus,
470 1742 535 1801 scire
550 1738 655 1803 necesse
670 1734 707 1800 est
723 1755 941 1876 ¹utrumqrirkedie-

868 1833 941 1877 rm.

103 2015 141 2057 94·
160 2007 225 2048 Nemo
233 2004 283 2065 pius
292 2000 321 2061 est
333 2005 372 2066 qui
379 2006 479 2064 pietatem
491 2005 571 2060 caum]
599 2002 648 2056 Qui
657 2000 692 2063 pii
702 2013 759 2047 meru
769 2003 830 2063 agir,
846 2000 938 2063 legebat

69 2063 162 2110 amicus
172 2077 238 2112 meus
250 2064 326 2112 homo
337 2064 490 2114 dostiffimus.
507 2065 581 2124 vrfin.
613 2070 677 2111 Neruo
684 2067 734 2125 pius
746 2062 774 2122 est
784 2067 823 2126 qui
830 2067 936 2127 pictatem.

69 2130 128 2171 cave
142 2128 261 2189 quidquam
274 2130 332 2189 &ul
357 2127 461 2190 Expreffi
478 2127 578 2177 fidenter
588 2125 653 2189 quod
665 2139 713 2173 erat
732 2126 756 2172 in
768 2127 814 2174 Pal.
827 2140 861 2187 pr.
873 2127 937 2188 quod

70 2185 230 2237 memiuiffem
241 2190 347 2238 Tullium
362 2188 389 2238 sae
407 2205 419 2236 e
436 2190 571 2239 dimidiatos
587 2188 682 2237 laudare
698 2186 792 2243 versus,
809 2185 871 2251 quad
900 2205 941 2236 ro·

70 2248 193 2298 verbiales.
210 2254 235 2300 &
252 2253 356 2316 alioquin
371 2205 430 2299 ufaro
445 2267 518 2308 caver,
529 2252 592 2313 quod
609 2249 726 2302 addebant
742 2248 858 2299 editiones
867 2202 938 2315 afim

70 2311 132 2359 nihii
144 2314 167 2360 in
179 2311 200 2360 se
211 2316 335 2372 continet',
351 2328 399 2376 quao
410 2313 482 2363 iensui
498 2316 581 2363 meiius
596 2313 632 2364 [it.
664 2313 738 2362 Fulvii
756 2312 833 2361 Ursini
848 2315 938 2362 amicus

68 2373 212 2433 conjiciebat
224 2409 231 2432 ‚
247 2380 286 2439 qm·
293 2377 330 2439 pie*
339 2391 397 2437 mnu
407 2390 459 2439 aget.
478 2379 618 2427 Gulielmius
629 2375 701 2432 verb,
716 2379 756 2440 qui
764 2382 866 2439 pietatem
878 2391 938 2425 metu

68 2439 134 2498 capit.
150 2439 263 2501 scaliger:
280 2438 575 2504 Nemopiusest‚qu1'pies‚
592 2446 663 2488 uitem
673 2454 742 2490 cavo.
773 2443 868 2489 Gruter.

101 2515 139 2554 95.
155 2506 202 2548 Nea
211 2514 287 2548 metuet
297 2515 382 2557 autem,
393 2503 441 2561 five
456 2506 622 2614 celatagaeris,
634 2502 682 2560 five
694 2503 750 2565 dae]
780 2507 868 2566 dequo:
883 2499 936 2551 sen·

68 2563 171 2612 tentiam
182 2565 207 2611 δι
217 2563 332 2621 emendo,
348 2564 514 2623 adjuvantem
565 2566 574 2615 i
590 2563 667 2617 libror
690 2571 736 2612 Non
753 2579 831 2612 metuet
845 2577 935 2623 autem,

63 2623 114 2682 five
124 2627 190 2675 celare
198 2629 291 2688 poterit,
301 2628 349 2686 five
358 2629 429 2691 opibus
438 2630 532 2693 magnis,
547 2629 656 2691 quidquid
665 2626 760 2684 fecerit,
776 2629 878 2684 obtinere,
891 2645 937 2675 cer·

67 2687 131 2749 te‘qns
141 2690 205 2734 malit
215 2687 334 2748 existimari
344 2692 407 2737 bonus
417 2694 457 2737 vir
467 2722 474 2746 ,
488 2705 512 2736 ut
522 2708 562 2736 non
567 2690 596 2748 fis
606 2724 613 2744 ,
629 2690 697 2751 quim
707 2690 761 2749 effe,
779 2703 804 2737 ut
817 2707 858 2736 raon
874 2704 938 2753 pute-

67 2761 114 2798 tur.
147 2749 187 2797 Est
197 2763 276 2799 autem
287 2753 325 2802 hic
334 2753 424 2801 auiam
432 2767 475 2817 pro
486 2755 546 2801 tueri
555 2756 582 2802 τι
593 2750 735 2808 defendere,
750 2764 775 2799 ut
787 2753 813 2800 io
823 2765 883 2800 orat.
890 2767 934 2815 pro

65 2811 195 2874 Quinffio:
213 2820 260 2860 Non
269 2817 298 2862 ad
307 2817 439 2863 mendacium
453 2816 602 2871 obtinendum,
620 2815 658 2876 fed
674 2816 703 2859 ad
718 2831 795 2860 verum
806 2814 938 2875 probandum

54 2875 185 2929 ‚austoricus
195 2877 297 2936 adjuvas.
320 2878 429 2926 Omnino
441 2880 466 2927 δι
478 2874 567 2927 Maffaei
577 2890 642 2926 uetus
657 2875 715 2925 liber
727 2875 796 2924 habet
807 2910 815 2932 ‚
825 2877 874 2935 five
889 2882 936 2940 opi·
1027 2894 1029 2899 ’

67 2939 108 2985 bus
118 2942 213 3000 magnis,
230 2953 293 2987 non:
307 2940 353 2994 five
363 2943 433 3003 opibus
442 2944 522 3001 majus.
554 2944 578 2988 P.
585 2944 679 2987 Manut.

102 3009 141 3052 96.
157 3003 395 3063 diverticulorum,
406 3005 452 3061 five
462 3005 636 3065 opibusmagnis‚
651 3002 761 3063 quidquid
771 3001 867 3060 fecerit,
882 3003 938 3049 obti-

67 3078 136 3117 mis,
148 3062 315 3126 consummaui
325 3065 464 3125 ermimari]
495 3067 531 3113 Sic
546 3064 608 3112 hunc
625 3064 707 3111 locum
722 3064 865 3126 errantique
881 3068 934 3117 cod.

69 3123 205 3174 emendavit
217 3124 342 3187 Jo.8cala,
356 3139 382 3174 ut
392 3126 462 3176 refert
475 3128 608 3174 Manutius:
626 3139 699 3185 quam
710 3124 844 3188 scripturam
854 3126 937 3179 testifi-

70 3200 113 3234 cor
126 3201 165 3235 me
174 3202 270 3250 quoque
281 3191 306 3238 in
317 3188 400 3239 nostris
410 3189 512 3251 antiquis
522 3187 591 3237 codd.
608 3185 721 3250 reperisse.
755 3195 782 3236 ln
792 3188 863 3237 uerbo
879 3193 934 3239 obti-

69 3264 118 3308 nere
128 3253 280 3312 repetendum
297 3253 341 3299 tini
356 3254 427 3308 aursi,
437 3255 523 3317 poteris.
554 3252 655 3314 vulgata
666 3251 737 3299 ledio
747 3251 829 3314 porro,
841 3253 889 3309 five
899 3272 933 3301 ce·

69 3312 117 3357 iare
124 3315 199 3369 poterit
211 3347 218 3370 ‚
230 3315 277 3373 five
292 3316 361 3376 opibus
370 3317 442 3375 majus
468 3314 573 3375 nidquam
579 3313 656 3373 fecerit
666 3314 785 3375 :terraique
799 3318 865 3360 maia
878 3317 933 3362 obsi-

34 3395 38 3402 ·
65 3329 655 3444 nereesijiimari,drc.planemendosaestmictque
665 3376 932 3428 manumemeounoru

67 3434 164 3492 audacie
175 3438 201 3491 δι
211 3438 326 3508 imperiti,
335 3439 388 3496 ,huc
397 3440 431 3495 est
441 3439 591 3504 corruptoris.
623 3442 746 3512 [amittas.

476 3507 529 3568 Pri
541 3513 618 3572 tuti
634 3519 645 3560 ³
849 3515 885 3559 ⁹⁷·
902 3505 937 3548 v·
