2318 3914
220 111 307 200 2384-
426 109 600 197 Deli-ru.
619 109 717 183 Bou.
738 129 790 177 nr
812 108 932 179 Mar.

64 215 201 285 ipolupras
220 216 609 296 sensumivoluptate.1taque
624 222 759 298 Epicurus
771 220 879 296 semper
899 223 955 280 hoc
977 219 1103 293 lutitur',

67 284 145 399 ffb*
223 309 253 354 ut
268 296 382 371 probet,
403 298 576 373 voluptatem
592 295 689 356 naturi
702 299 794 373 expeti
803 321 812 365 ;
822 297 901 374 quhd
915 316 947 361 ea
962 297 1103 373 voluptas,
1136 347 1144 377 Χ

68 359 183 462 Mgffstm
222 391 287 448 quae
302 374 331 431 in
347 387 431 433 motu
444 373 492 443 lit,
504 376 533 433 δι
547 390 647 450 parvos
661 374 696 433 ad
710 375 736 433 [e
751 375 894 449 alliciat&
910 375 1021 442 bestias,
1043 394 1106 435 non

135 445 142 460 '
179 487 213 547 33
225 450 269 509 illa
283 448 397 529 stabilis,
417 453 447 510 in
459 469 514 527 qua
527 450 634 511 tantiam
650 451 718 510 inest
732 451 800 509 nihil
814 451 917 509 dolere.
943 450 1039 526 lQuid
1053 452 1107 526 igi-

71 548 147 613 Μυῒ
165 549 216 610 igi„
227 537 270 583 tur
287 530 445 596 convenit,
471 527 506 587 ab
526 526 576 591 alia
599 528 741 603 voluptate
763 528 855 587 dicere
879 542 1005 588 naturam
1020 527 1108 602 profi-

49 671 51 675 ,
73 606 155 662 eamr:
171 609 219 674 Qai
229 603 309 672 cisci,
327 605 356 662 in
371 605 422 663 alia
437 604 579 663 summum
594 606 701 664 bonum
717 602 842 680 ponere?

75 676 207 740 illis-⁶⁸¹·
266 680 322 740 XI.
342 680 577 745 Busrranuu
611 681 680 740 verh
715 681 822 740 nullum
854 679 993 754 judicium
1025 691 1109 758 puto.

227 757 355 833 quamvis
370 758 446 816 enim
460 758 616 832 depravatae
637 776 698 817 non
719 756 770 816 hnt
787 801 795 825 ,
815 775 908 832 pravae
926 770 1026 817 tamen
1052 757 1108 817 elle

227 829 347 909 poliunt.
372 837 415 892 Ut
429 835 556 893 bacillum
572 834 644 893 aliud
660 832 698 892 est
722 834 856 893 inflexum
883 836 912 893 ὅ(
928 834 1108 895 incurvatum

229 908 266 967 de
279 909 430 980 industria,
447 910 524 983 ¹aliud
539 913 576 969 ita
591 923 703 970 natum:
721 910 761 968 fic
778 913 897 968 ferarum
922 923 1019 969 natura
1046 930 1106 973 non

230 985 268 1042 est
290 986 334 1044 illa
356 986 470 1063 quidem
491 985 638 1063 depravati
661 985 732 1046 mali
753 985 917 1061 disciplina,
940 986 986 1045 sed
1011 1000 1106 1049 natura

229 1058 283 1120 sui.
323 1080 375 1121 nec
389 1061 476 1133 reth,
496 1074 526 1122 ut
548 1063 720 1140 voluptatem
744 1076 877 1137 expetat,
897 1076 993 1122 natura
1008 1075 1108 1124 mouet

230 1137 383 1198 infantem:
404 1139 450 1198 led
464 1138 571 1199 tanturn
588 1153 618 1199 ut
632 1140 658 1198 se
673 1140 728 1216 ipse
741 1140 851 1214 diligat,
871 1153 902 1197 ut
917 1141 1058 1216 integrum
1084 1142 1110 1201 se

233 1213 336 1273 salvum
359 1235 393 1274 ue
407 1217 483 1277 velit.
504 1218 601 1277 Omne
617 1219 691 1277 enirn
713 1216 839 1285 animal,
860 1214 940 1276 simul
960 1229 991 1275 ut
1013 1229 1111 1277 ortum

84 1318 111 1356 m
124 1303 228 1367 duasque
238 1236 456 1367 est,&(l{eipsum
484 1295 513 1353 &
529 1311 628 1353 omnes
643 1306 730 1369 partes
744 1294 801 1352 suas
816 1293 918 1375 diligit:
940 1293 1113 1370 mduasque,

85 1369 181 1418 resarta.
232 1382 301 1443 *quae
317 1371 448 1428 maximae
462 1369 539 1439 sunt,
560 1372 588 1429 in
603 1372 698 1446 primis
720 1369 914 1446 amplectitur,
934 1371 1116 1433 animumn&

236 1461 349 1520 corpus:
370 1445 470 1504 deinde
484 1449 624 1523 utriusque
637 1458 734 1523 partes.
771 1464 837 1507 nam
852 1445 912 1505 sunt
926 1447 956 1505 ὃς
970 1448 999 1505 in
1015 1449 1113 1508 animo

235 1524 374 1599 praecipua
395 1522 522 1597 quaedanr
539 1566 548 1593 ,
568 1527 598 1582 ὃς
619 1525 648 1584 in
670 1542 812 1599 corpore:
841 1541 906 1599 quae
927 1527 993 1581 cum
1014 1523 1113 1585 leviter

238 1599 371 1673 agnovit,
390 1611 456 1657 tunc
471 1601 628 1659 discernere
639 1602 751 1675 incipit,
772 1612 802 1658 ut
818 1617 867 1669 ea,
886 1618 952 1676 quae
967 1600 1056 1674 prima
1064 1599 1114 1660 da-

238 1684 266 1732 ta
282 1674 341 1735 sunt
355 1674 467 1740 natum.
488 1689 614 1751 appetat,
634 1677 847 1752 asperneturque
864 1678 1010 1735 contraria.

193 1781 230 1840 34
278 1751 311 1809 ln
324 1753 365 1810 his
379 1754 473 1828 primis
486 1754 651 1812 naturalibus
667 1753 792 1826 voluptas
805 1751 865 1811 insrt
881 1770 988 1821 necne,
1008 1763 1112 1829 magna

37 1838 40 1843 ’
90 1848 116 1895 r.
131 1843 227 1895 Lxxrr.
238 1827 353 1904 quaestio
368 1829 413 1888 est.
433 1830 501 1888 nihil
515 1829 582 1889 verb
599 1843 693 1904 putare
708 1826 761 1888 else
777 1872 785 1899 ,
806 1841 905 1904 praeter
921 1830 1113 1904 voluptatem,

237 1922 297 1964 non
312 1906 453 1974 membra,
473 1924 532 1967 non
547 1906 659 1975 sensus,
692 1924 751 1965 non
773 1906 877 1981 ingenii
897 1918 1009 1964 motum
1027 1908 1113 1976 ,non

238 1981 422 2056 integritatem
439 1984 584 2057 corporis,
605 1999 665 2041 non
687 1982 866 2041 valitudinem
883 2025 892 2050 ,
912 1982 1030 2042 summae
1046 1984 1115 2042 mihi
1132 1984 1135 1989 '

239 2058 348 2117 videtur
362 2058 481 2118 insciriae.
524 2060 619 2136 Atque
634 2059 667 2117 ah
681 2058 731 2118 isto
745 2060 834 2134 eapite
849 2057 932 2117 lluere
947 2057 1058 2118 necesse
1079 2058 1116 2119 est

242 2137 519 2195 omnemrationem
542 2137 681 2195 bonorum
709 2137 739 2194 δε
762 2135 909 2194 malorum.
946 2136 1115 2205 Polemoni,
1149 2190 1155 2201 ,

240 2211 403 2291 etiamante
418 2212 582 2281 Aristoteli,
603 2229 634 2270 ea
649 2213 736 2286 prima
757 2211 812 2270 visa
833 2211 918 2281 sunt,
938 2230 1003 2289 quae
1023 2213 1118 2287 paullo

240 2280 384 2369 antefixi.
423 2299 451 2343 4⁷
460 2288 536 2363 Ergo
550 2301 614 2347 nata
627 2287 665 2347 est
679 2289 811 2347 sententia
825 2302 952 2347 veterum
965 2289 1120 2348 Academi·

240 2382 340 2423 corum
368 2367 398 2423 &
421 2365 691 2439 Peripateticorum,
727 2377 758 2423 ut
776 2363 862 2424 finem
878 2366 1017 2425 bonorum
1040 2359 1120 2424 dice·

219 2504 222 2509 ,
241 2451 319 2510 rent,
331 2440 489 2500 secundum
503 2454 629 2502 naturam
645 2443 757 2512 vivere,
776 2440 805 2499 id
822 2442 877 2509 est,
897 2445 999 2502 virtute
1013 2441 1120 2500 adhibi·

241 2528 270 2576 ta
298 2517 351 2575 frui
378 2518 471 2592 primis
504 2517 519 2576 i
547 2516 643 2581 naturh
666 2518 741 2577 daris.
780 2518 907 2593 Callipho
928 2519 963 2579 ad
987 2520 1120 2577 virtutem

241 2593 310 2653 nihil
335 2588 459 2668 adjunxit
485 2593 534 2653 nisr
557 2595 753 2670 uoluptatem:
773 2595 918 2654 Diodorus
951 2594 1002 2655 nisr
1025 2595 1120 2654 vacui·

241 2681 329 2729 tarem
344 2668 455 2729 doloris.
494 2672 546 2729 His
561 2672 706 2740 omnibus,
727 2689 797 2748 quos
818 2671 875 2730 dixi
892 2715 900 2740 ,
920 2672 1120 2749 consequentes

242 2747 305 2805 sunt
319 2743 386 2804 fines
400 2747 549 2806 bonorum.
588 2749 726 2823 Aristippo
741 2747 854 2823 simplex
871 2749 1019 2824 voluptas:
1051 2749 1122 2808 Stoi·

245 2823 283 2882 cis
310 2822 462 2882 consentire
491 2838 596 2883 naturae
603 2847 612 2892 ;
634 2824 712 2900 quod
725 2823 778 2883 elle
799 2824 930 2882 volunte
953 2827 1075 2895 virtute,
1093 2822 1122 2885 id

246 2900 301 2968 est,
320 2899 434 2959 honeste
457 2901 550 2960 vivere
572 2921 579 2958 :
600 2902 678 2977 quod
705 2903 742 2960 ita
765 2903 1001 2977 interpretantur,
1029 2903 1145 2963 vivere·

246 2994 312 3036 curn
328 2977 506 3054 intelligentia
520 2995 615 3037 earum
631 2995 742 3048 rerum,
761 2995 826 3055 quae
844 2976 940 3035 naturi
961 2976 1126 3065 evenirent,

1078 3054 1128 3113 eh.

73 1141 77 1171 l

212 3282 216 3295 =
285 3282 325 3326 47,
342 3273 397 3332 Ergo
408 3281 459 3315 nata
470 3271 516 3331 esa]
531 3271 567 3320 Sic
578 3286 665 3321 ornnes
676 3269 782 3321 Palatini.
800 3269 929 3320 Lambinus
940 3266 1055 3329 conjicit,
1072 3271 1131 3318 Hine

195 3340 198 3347 ·
256 3348 363 3395 argonam
379 3332 425 3392 eſs,
442 3330 617 3397 supervacanee.
646 3351 704 3384 narn
719 3353 763 3396 ergo
790 3333 921 3396 aliquando
943 3346 1014 3383 norat
1031 3336 1131 3391 exinde,

250 3398 319 3458 postea
335 3398 377 3449 &a
412 3407 436 3465 ur
453 3398 535 3447 Critici
549 3397 639 3449 dudum
654 3398 778 3453 ostendere
794 3398 911 3462 exemptis
927 3397 958 3448 ad
973 3399 1130 3461 Propertium.

253 3463 344 3513 Gruter.
377 3459 455 3509 Posset
465 3462 490 3512 &
501 3479 528 3509 ex
537 3476 578 3526 quo
588 3475 640 3511 uta
650 3463 686 3525 cst.

1042 3531 1084 3585 48.
1097 3512 1130 3574 *0⁶
