2318 3914
190 126 273 212 2448
400 118 464 183 Du
484 118 573 181 Fru,
595 76 694 183 Bou.
714 135 766 182 er
788 114 904 181 Mur„

192 244 289 291 natura
304 232 385 295 tacita
398 231 561 293 assentiatur.
597 233 694 310 Itaque
706 232 735 292 in
750 232 828 290 rebus
843 229 968 291 minime
987 231 1082 293 obscu·¹

109 354 112 359 .
193 309 229 367 ris
244 327 304 371 non
321 311 423 370 m'ultus
438 310 476 369 est
489 309 564 384 apud
578 328 626 371 eos
641 308 787 369 disserendi
796 308 885 368 labor.
923 311 1030 385 Quare
1044 324 1082 371 at·

193 386 283 446 tendo
297 398 326 445 te
336 386 476 457 studiose,
496 389 544 456 &,
565 405 752 464 quaecumque
766 386 847 445 rebus¹
859 386 910 455 iis,
932 391 972 447 de
985 388 1080 462 quibus

193 461 241 521 hic
269 463 359 523 sermo
387 465 424 524 est
448 506 457 532 ‚
483 466 601 523 nomina
622 465 768 540 imponis,
789 464 941 522 memoriae
966 464 1081 525 mando.

195 540 267 597 mihi
280 542 359 601 enirn
372 544 422 601 erit
434 541 532 600 iisdem
548 541 600 599 istis
616 539 726 601 sortasse
744 541 805 615 jam
823 539 979 599 utendum.
1020 542 1081 602 Vir-

196 616 298 676 tutibus
315 620 396 694 igitut
411 617 555 677 restislimd
570 619 639 677 milri
655 619 771 686 videris,
794 619 824 677 ὃ(
841 617 878 676 ad
901 617 1081 677 consuetudi·

195 710 264 752 nem
288 696 388 754 nostrae
410 697 565 764 orationis,
585 696 651 755 vitia
673 693 789 771 posuisse
815 696 965 754 contraria.
1006 694 1080 772 quod

196 772 273 830 enim
285 773 463 848 vituperabile
477 773 515 832 est
537 790 585 849 per
606 772 634 831 se
655 772 764 848 ipsum,
785 760 814 831 id
834 789 871 830 eo
892 771 956 847 ipso
981 773 1079 831 vitium

195 849 376 909 nominatum
389 862 474 925 puto,
494 850 540 909 vel
560 849 645 909 etiam
667 848 684 908 l
704 850 774 908 vitio
798 847 906 907 diuum
920 849 1078 923 vituperari.

195 923 236 983 sm
251 927 347 983 κακίαν
365 928 497 986 malitiam
512 924 616 985 dixisses
636 969 645 997 ,
663 926 698 986 ad
712 925 784 985 aliud
799 944 850 984 nos
865 942 961 983 unum
975 938 1077 985 certum

197 1000 297 1062 vitium
314 1004 484 1064 consuetudo
499 1003 599 1063 Latina
610 1004 773 1063 traduceret.
790 1013 906 1061 47nunc
927 1003 1016 1062 omni
1028 1004 1077 1061 uir·

198 1083 253 1137 tuti
265 1081 364 1140 vitium
381 1082 518 1141 contrario
533 1083 650 1141 nomine
666 1080 826 1155 opponitur.

150 1154 199 1235 '41'
240 1154 319 1216 Tum
341 1158 408 1217 ille:
437 1159 490 1217 His
510 1160 593 1234 igitur
620 1159 657 1216 ita
698 1156 795 1224 olitis,
813 1156 931 1232 inquit,
961 1154 1078 1234 sequitur

59 1254 175 1306 mm,
199 1249 300 1308 magna
314 1235 460 1294 contentio
469 1254 476 1293 ε
485 1233 607 1312 squam
621 1247 661 1292 tra
690 1246 764 1293 atam
778 1231 997 1307 iPeripateticis
1011 1232 1079 1293 mol·

197 1308 248 1368 lids
264 1311 314 1381 (est
328 1312 404 1370 enim
418 1329 518 1370 eorum
534 1311 706 1370 consuetudo
721 1309 832 1369 dicendi
852 1308 1004 1369 nonsatis
1018 1326 1080 1368 acu-

198 1396 251 1453 ta,
271 1400 383 1463 propter
403 1389 607 1462 ignorationem
636 1386 807 1459 dialceticae)
828 1384 993 1445 Carneades
1010 1398 1080 1454 tuus,

196 1465 307 1538 egregia
328 1465 448 1538 quadum
471 1464 669 1523 exercitatione
689 1464 719 1522 in
739 1460 889 1522 dialceticis
915 1460 1078 1538 summique

195 1538 382 1615 eloquentis,
401 1558 460 1599 rem
483 1541 512 1599 in
534 1540 674 1599 summum
696 1538 842 1599 discrimen
855 1538 994 1599 adduxit:
1013 1556 1076 1614 pro-

194 1626 289 1689 pterea
303 1615 381 1693 quod
396 1635 518 1693 pugnare
530 1636 591 1677 non
605 1615 722 1685 destitit,
740 1618 771 1675 in
785 1615 870 1674 omui
883 1614 1075 1749 hacffluaellio·

194 1708 257 1758 ne,
277 1710 342 1768 quae
357 1693 399 1751 de·
408 1693 486 1752 bonis
513 1695 543 1753 ὃ(
566 1694 642 1753 malis
656 1692 824 1767 appelletur,
845 1694 937 1751 none
959 1708 1074 1750 ererum

194 1766 293 1853 Stoicis
308 1786 374 1827 cum
389 1768 573 1856 Peripateticis
587 1769 805 1856 controversam
823 1810 832 1836 ,
852 1767 900 1827 sed
911 1767 1073 1827 nominum.

193 1843 265 1901 mrhr
286 1857 381 1917 autem
403 1846 470 1905 mhrl
497 1859 555 1906 tam
583 1845 755 1920 persprcuum
778 1844 890 1903 videtur
912 1840 996 1921 quim
1021 1842 1070 1901 hos

193 1917 340 1981 sententias
374 1939 473 1981 eorum
501 1922 729 1997 philosophorum
760 1939 789 1979 re
824 1922 900 1979 inter
929 1917 959 1979 se
983 1918 1073 1994 magis

193 1995 282 2071 quim
296 1999 384 2058 verbis
398 1999 542 2058 diffidere:
563 2009 592 2053 49
601 1999 739 2075 majorem
760 1997 852 2057 multo
873 1998 947 2057 inter
967 1995 1074 2131 &⁰³⁶⁰ss

193 2204 259 2255 lrunc
269 2205 448 2257 controversum
463 2207 512 2257 Pal.
546 2223 563 2257 r.
578 2219 648 2256 antea
663 2206 801 2271 legebatur,
816 2215 912 2253 mantue
921 2204 976 2269 ἱρῇ,
991 2206 1032 2269 qm·
1040 2204 1075 2251 u·-

195 2282 259 2324 cunc,
275 2270 450 2333 plurimumque
460 2269 512 2318 sace
531 2283 551 2319 tt
563 2271 653 2335 negotii
667 2271 749 2318 Paullo
760 2269 882 2318 Manutio.
900 2270 972 2319 Grut.
1047 2274 1055 2301 “·

225 2347 264 2389 47.
283 2339 343 2379 Nunc
353 2336 412 2379 omni
421 2336 523 2390 virtute]
538 2340 599 2380 Nunc
616 2331 706 2396 reposui
721 2346 845 2382 ert-vetere
860 2328 942 2388 libro,
959 2331 1026 2391 mint
1036 2330 1074 2379 lo·

192 2408 249 2443 eum
263 2408 418 2457 occupaverat
432 2400 477 2446 hoc.
494 2411 567 2445 nemo
577 2395 609 2445 est
626 2409 706 2444 antem
719 2430 726 2452 ,
741 2395 823 2459 paullo
841 2393 944 2457 quidem
960 2399 1076 2444 Romen:

194 2458 281 2520 lingue
292 2458 408 2520 peritior,
424 2461 465 2521 qui
478 2477 551 2516 nunc,
566 2475 611 2524 pro
625 2462 681 2518 sed,
698 2457 832 2523 usurpatum
851 2455 982 2520 saepislime
999 2453 1077 2507 turno

194 2520 328 2578 Cicerone,
343 2518 396 2569 tum
411 2522 440 2570 ab
453 2521 521 2571 aliisi
540 2535 615 2572 noret.
639 2520 656 2570 si
673 2522 784 2586 exempla
800 2521 888 2585 aliquis
899 2532 970 2582 petat
983 2554 992 2578 ,
1007 2520 1077 2583 longe

195 2596 228 2631 ne
248 2582 337 2640 abeat,
363 2584 429 2648 legat
451 2583 493 2634 lib.
515 2539 611 2634 deliin.
630 2599 649 2632 r.
669 2586 858 2654 &prooemium
875 2581 1021 2633 Tusculana
1035 2596 1077 2631 ιιι.

195 2648 223 2694 P.
231 2649 320 2696 Manus.
337 2654 399 2695 Nunc
410 2653 468 2694 omni
478 2651 562 2696 virtuti
572 2651 654 2695 vitium
666 2648 724 2705 dte]
740 2652 824 2710 Longe
834 2646 929 2709 planius
945 2648 981 2695 ita
992 2644 1040 2696 1³21.
1047 2658 1078 2708 pt.

194 2709 271 2772 quim
282 2709 386 2774 vulgati,
401 2713 552 2763 hocomnic'rc.
566 2714 592 2761 ἃ
604 2710 661 2758 vero
674 2709 1077 2769 ficetiammutavitnldusuepoe,

193 2771 263 2835 quod
275 2786 442 2836 paterquoque
453 2772 570 2837 reperisset
583 2772 688 2822 nostrum
701 2791 755 2820 nunc
765 2775 790 2821 in
801 2771 863 2821 libro
869 2786 961 2822 vetere.
980 2772 1077 2835 Scaliger

195 2834 289 2884 videtur
299 2835 408 2899 reperisse
419 2838 444 2885 in
455 2839 528 2887 veteri
539 2835 580 2886 suo
592 2871 600 2893 ,
614 2841 652 2883 hoc
661 2840 719 2884 enim
726 2839 810 2884 virtuti
818 2838 929 2883 contrario
941 2839 1032 2885 nomine
1044 2846 1079 2898 op·

209 2903 262 2949 onie.
296 2904 390 2950 Gruter.

192 2910 208 2963 p
228 2971 267 3021 43.
285 2964 363 3027 Qum
374 2961 520 3011 traslatumd
538 2964 686 3024 Peripateticis
695 2964 783 3009 mollius
800 2960 845 3021 (est
859 2966 920 3011 enim
935 2962 1013 3027 &en
1047 2966 1080 3013 In

196 3021 343 3087 scripflmus,
358 3025 547 3074 iradislinximus
558 3026 765 3074 moriausloritate
774 3025 874 3089 Pallpr.
882 3028 982 3090 quarti,
998 3026 1079 3092 quint

195 3082 247 3133 sine
259 3088 327 3135 omni
339 3090 414 3148 gratia
423 3090 485 3152 prius
501 3086 612 3150 publicati
624 3104 631 3135 ε
652 3106 697 3153 qua
711 3092 843 3152 pertractata
856 3088 891 3150 est·
901 3092 918 3136 ὰ
930 3091 1081 3155 Pm'paurieis

198 3151 295 3198 mollius.
313 3152 341 3209 est
352 3156 408 3197 enim
419 3155 464 3204 &e
497 3152 573 3200 idem.

236 3229 273 3270 49.
293 3216 475 3273 Majoremmulto
486 3216 894 3278 interStoa‘cosdl‘eripatetitutrcrum
906 3215 947 3277 ψ
957 3220 996 3279 ajo
1008 3216 1081 3279 defert·

198 3278 320 3337 pennam]
344 3280 409 3324 Nata
420 3278 469 3326 hec
480 3280 560 3343 pulcra
570 3278 668 3327 lestioh
682 3281 753 3328 Palat.
765 3279 851 3341 primo.
869 3279 990 3342 languide
1001 3278 1081 3331 adne-

202 3335 262 3385 dum
272 3338 336 3387 retro
347 3341 449 3401 vulgati,
466 3346 570 3403 mojorem
580 3345 649 3388 multo
660 3344 734 3388 habere
744 3346 779 3390 St.
791 3343 818 3393 do·
829 3346 901 3404 Pmp.
910 3360 990 3393 rm
999 3344 1079 3393 Μὶν

200 3401 371 3464 discrepantiam.
389 3402 494 3457 nostram
505 3419 603 3471 quoque
613 3404 692 3457 firmat
703 3405 814 3470 scaligeri
822 3401 897 3464 libet,
913 3405 962 3456 nisi
974 3404 1041 3473 quod
1048 3402 1078 3459 iu

201 3467 284 3518 animo.
315 3463 391 3520 Idem.
1037 3510 1042 3517 .

951 3548 993 3590 to.
1008 3530 1076 3597 urstis·
