2318 3914
216 152 404 218 brnen
444 146 738 215 Tn'nrrus·
863 165 984 249 2455·

105 264 239 328 De'bona
250 278 343 327 autern
358 266 434 324 fama
448 262 546 339 (quam
561 265 636 322 enim
650 263 786 338 appellant
798 261 935 339 εὐδοξίαν,
947 259 985 319 57.

65 345 156 415 aptius
169 344 206 404 est
219 346 273 403 boc
286 344 352 403 loco
366 343 472 399 borram
485 340 592 397 famam
609 340 743 414 appellare
769 341 855 416 quam
875 343 936 418 gio·
1038 392 1042 411 ,
1079 378 1083 389 -

66 418 148 493 riam)
170 420 333 496 Chrysippus
350 417 522 495 quidem&
546 415 714 488 Diogenen,
732 414 850 476 detracta
863 419 935 478 utili-

66 504 140 563 tate,
159 513 194 555 ne
207 497 324 573 digitum
340 493 474 570 quidem,
493 492 551 567 ejus
565 487 660 558 cauli,
680 492 874 565 porrigendum
882 492 936 554 effe

67 567 203 632 dicebant.
240 573 339 648 quibus
354 587 408 644 ego
421 569 603 626 vehementer
615 564 751 625 affentior.
777 569 826 644 qni
841 581 936 630 autent

67 647 128 718 post
141 665 189 707 cos
204 650 317 707 fuerunt
326 688 334 714 ,
343 645 406 706 cirm
422 644 595 703 Carneadem
612 643 739 701 suilinere
753 660 811 703 non
819 643 936 718 pollent,

65 719 162 792 hanc,
187 742 274 800 quam
295 723 376 791 dixi,
402 721 504 780 bonam
526 721 655 788 famam,
675 719 760 794 ips-rm
780 733 892 795 propter
909 720 938 780 se

20 803 24 819 '
66 799 242 872 praepofitam
272 802 302 858 &
325 797 485 856 sumendam
500 793 553 854 etse
566 793 830 872 dixerunt,eileque
845 799 938 856 horni-

65 873 108 930 nis
131 876 247 950 ingenui
279 876 309 934 &
328 873 470 933 liberaliter
489 873 614 941 educati,
635 872 705 930 velle
726 873 795 930 bene
810 873 936 933 audired

65 952 248 1022 parentibus,
267 951 282 1009 *a
299 951 485 1084 lpropinquis,
511 947 527 1006 ir
548 948 628 1007 bonis
649 950 733 1007 etiam
754 950 834 1017 viris,
854 949 939 1026 idque

67 1036 184 1155 Eropter
198 1044 255 1086 rem
270 1029 297 1102 ip
307 1044 372 1094 am,
390 1044 450 1084 non
463 1036 575 1100 propter
589 1024 667 1083 usum
682 1044 690 1082 ε
711 1025 886 1101 dicuntque,
905 1039 938 1093 ut

82 1099 160 1159 'beris
174 1103 325 1162 consultum
342 1102 476 1170 velimus,
497 1103 580 1158 etiam
595 1098 615 1158 fi
629 1101 748 1174 postumi
762 1104 848 1160 futuri
868 1101 936 1173 smt,

70 1189 185 1250 propter
196 1179 264 1255 ipsos
279 1199 287 1238 t
306 1178 344 1237 fic
357 1180 458 1236 futurae
472 1176 532 1252 post
546 1190 666 1236 mortem
682 1178 765 1235 famae
779 1188 873 1237 tamen
882 1176 936 1239 eise

69 1266 183 1326 propter
196 1273 271 1326 rem,
292 1257 376 1314 etiam
390 1253 513 1312 detracto
528 1253 592 1321 usu,
612 1252 820 1313 consulendum.

20 1310 45 1369 ἶ*
112 1329 165 1388 Sed
191 1331 253 1391 cbm
272 1375 280 1401 ,
300 1331 378 1408 quod
391 1328 538 1389 honestum
555 1328 603 1397 fit,
622 1328 651 1387 id
665 1329 752 1389 solum
767 1330 981 1415 bonumeise58
1080 1341 1085 1348 '

70 1402 552 1483 dicamus,consentarreumtamen
574 1405 628 1472 est,
648 1407 726 1480 fungi
740 1406 852 1478 officio,
872 1408 938 1469 cirin

69 1479 98 1538 id
121 1481 243 1543 officium
270 1503 323 1543 nec
339 1485 368 1542 in
382 1482 460 1542 bonis
473 1499 633 1557 ponamus,
652 1500 705 1540 nec
725 1484 754 1541 in
776 1483 862 1542 malis.
900 1486 939 1545 est

70 1556 147 1614 enim
162 1560 264 1637 aliquid
276 1563 306 1619 in
319 1561 361 1619 his
375 1560 453 1618 rebus
467 1557 604 1634 probabile
619 1600 627 1626 ,
648 1558 811 1635 &quidem
833 1561 887 1628 ita,
907 1574 938 1620 ut

70 1633 129 1706 ejus
138 1637 213 1695 'ratio
227 1636 303 1695 reddi
316 1635 405 1712 possit.
441 1633 546 1709 ⁶4ergo
562 1647 592 1692 ut
606 1635 689 1692 etiam
705 1635 876 1710 probabiliter
884 1636 938 1696 aeli

68 1709 140 1767 ratio
153 1713 228 1772 reddi
241 1713 329 1788 poffit.
356 1711 401 1770 Est
415 1725 508 1770 autem
523 1710 665 1778 officium,
685 1712 762 1786 quod
775 1712 811 1770 ita
832 1712 937 1773 fartum

71 1783 126 1854 est,
146 1801 177 1846 ut
190 1789 248 1864 ejus
262 1789 328 1848 faeti
346 1787 490 1863 probabilis
511 1787 580 1843 ratio
602 1785 678 1844 reddi
698 1788 786 1861 poffit.
825 1805 859 1846 ex
879 1807 938 1865 quo

70 1860 247 1937 intelligitur,
265 1865 391 1923 officium
403 1864 529 1921 medium
544 1861 684 1936 quoddam
701 1861 772 1933 elle,
791 1864 868 1938 quod
889 1884 939 1924 ne·

69 1951 124 2011 que
138 1939 168 1996 in
182 1940 262 1999 bonis
276 1952 418 2016 ponatur,
446 1955 538 2014 neque
558 1939 587 1995 in
609 1940 758 1997 contrariis.
794 1940 941 2014 quoniam·

70 2030 127 2088 que
141 2015 171 2073 in
185 2016 217 2074 iis
231 2017 308 2085 rebus
325 2059 333 2086 ‚
352 2033 416 2091 quae
430 2032 522 2091 neque
536 2014 564 2072 in
586 2014 727 2072 virtutibus
746 2013 805 2072 sunt
821 2058 829 2083 ,
850 2032 941 2092 neque

30 2114 40 2137 ·-
70 2089 101 2146 in
115 2091 205 2162 vitiis,
226 2092 263 2151 eii
277 2106 373 2151 tamen
386 2091 536 2167 quiddam,
556 2089 633 2166 quod
647 2090 703 2149 uitri
718 2091 798 2166 poffrr
812 2088 942 2150 effertol·
969 2142 973 2146 .
1073 2158 1079 2171 ¹

69 2163 188 2224 lendum
201 2168 230 2226 id
243 2187 302 2228 non
315 2169 361 2227 est.
399 2168 445 2227 Est
466 2179 561 2226 autern
582 2167 640 2241 eju's
660 2169 765 2240 generis
779 2167 853 2226 aetio
868 2186 939 2244 quo·

71 2259 128 2316 que
143 2244 290 2320 quaedam,
311 2245 468 2320 &quidem
482 2243 541 2303 talis
556 2285 565 2311 ‚
582 2255 613 2301 ut
636 2244 703 2301 ratio
725 2243 848 2318 postulet
860 2261 941 2319 agere
951 2297 967 2330 ο
982 2285 1063 2336 ,aum

70 2317 223 2393 aliquid&
244 2323 335 2380 iacere
361 2334 469 2381 eorum.
508 2317 585 2393 quod
599 2331 691 2377 autem
708 2320 986 2394 rarioneoauurnst,
1000 2347 1091 2407 fastum

70 2391 121 2460 srt,
141 2396 169 2454 id
183 2397 306 2456 officium
322 2399 496 2474 appellamus.
516 2395 561 2453 Est
574 2394 655 2470 igitur
668 2394 874 2471 officium'ejus
892 2411 999 2473 goarii.
1046 2425 1049 2429 ·

38 2472 161 2538 ,neris‚
201 2473 259 2539 uod
274 2491 326 2532 nec
339 2476 368 2533 in
381 2476 459 2534 bonis
474 2484 608 2547 ponatur,
627 2490 679 2530 nec
694 2474 722 2530 in
737 2475 886 2533 contrariis.
935 2478 936 2483 ’
988 2479 1011 2524 P·
1031 2480 1060 2534 B.

110 2491 220 2606 Xvffi.
240 2551 290 2608 ΡΑ
300 2570 317 2608 r
327 2570 394 2620 our
415 2549 587 2625 perspicuum
600 2549 683 2607 etiam
698 2549 764 2607 illud
778 2549 833 2618 est,
852 2551 940 2610 inistis
951 2557 985 2615 59

70 2623 277 2684 rebus'mediie
290 2627 393 2703 aliquid
414 2643 494 2701 agere
514 2625 671 2700 sapientem.
707 2625 812 2700 judicat
833 2627 914 2700 igitur
930 2620 1058 2725 ,138th

69 2698 138 2757 ciam
153 2703 224 2776 agit,
244 2703 367 2761 officium
380 2703 445 2762 illud
459 2698 521 2759 effe.
547 2701 624 2776 quod
637 2703 771 2775 quoniam
785 2719 939 2777 numquam
947 2716 1001 2789 alii·
1023 2686 1057 2731 Α*

68 2776 173 2835 fallitur
186 2779 215 2835 in
224 2777 453 2851 judicando‚erit
467 2780 496 2837 iu
511 2777 607 2839 mediis
621 2779 699 2836 rebus
712 2778 852 2837 officium:
862 2781 940 2854 qnod
989 2777 998 2792 ⁸
1023 2788 1028 2797 '

69 2850 190 2911 efficitur
204 2855 288 2913 etiarn
301 2855 354 2915 hac
367 2854 544 2916 conclusione
558 2854 677 2913 rationis.
690 2856 692 2865 '
704 2855 854 2928 Quoniam·
863 2856 941 2943 enim

900 2949 943 2992 vr·

106 3113 144 3164 ⁶4·
160 3111 214 3162 Erro
224 3118 249 3154 ut
259 3108 325 3154 etium
334 3105 471 3170 probabiliter
480 3106 524 3151 alli
533 3107 589 3152 ratio
600 3104 663 3150 reddi
672 3102 754 3165 poffit]
773 3107 862 3151 Totum
878 3103 938 3154 istud

73 3181 126 3215 nou
135 3168 167 3217 est
182 3163 207 3217 in
223 3170 338 3219 veteribus
353 3167 410 3217 aldi
419 3201 435 3224 ,.
443 3165 553 3216 omissum
567 3167 712 3231 negligentia
724 3168 939 3231 typographorum,

72 3227 108 3276 ob
117 3231 265 3293 repetitiones
276 3247 375 3288 vocum,
392 3234 447 3279 ratio
462 3232 523 3279 reddi
530 3230 596 3302 poffir.
613 3228 679 3290 quod
688 3243 765 3292 neque
775 3230 941 3281 animadvertit
960 3252 981 3299 ν,

72 3305 115 3340 aut
133 3296 251 3343 Manutius
265 3295 344 3353 filius,
360 3308 400 3342 aut
417 3309 499 3356 nepos.
533 3293 649 3341 victorius
665 3306 745 3344 tamen
760 3292 849 3342 auetori
863 3293 941 3343 reddi-

71 3354 130 3411 dit,·
146 3369 176 3402 ne
192 3358 243 3418 quis
257 3358 337 3408 forsan
354 3357 377 3405 id
391 3357 507 3407 Lambino
523 3369 645 3418 acceptum
661 3354 734 3414 ferat,
747 3356 783 3403 'uri
799 3356 871 3406 videri
882 3357 941 3408 vult.

71 3421 115 3535 gui
132 3430 215 3470 tamen
228 3434 311 3477 contra
324 3418 487 3497 mffisrtostrot
507 3418 547 3469 sex
567 3419 692 3483 publicarit
707 3453 716 3479 ,
744 3419 858 3487 palatius
874 3420 942 3480 falli.

98 3496 171 3536 niter.
218 3530 250 3543 ,,
313 3532 319 3543 ,
351 3534 355 3541 ,
383 3536 401 3543 ,,
432 3534 435 3541 ,
521 3538 525 3545 ,
707 3504 711 3516 ·

430 3605 435 3616 ,
485 3549 648 3613 Ssrtrsts
850 3551 972 3606 ambiat·
