2318 3914
198 97 391 163 Linon
434 99 719 165 Paruum-
802 101 887 183 2619

10 207 102 272 liberis
116 247 126 276 ‚
145 207 254 266 orbitas.
296 205 369 265 valet
380 204 480 264 hoc'in
493 206 587 263 vivit:
605 216 782 264 mortuorum
789 218 885 266 autem

10 303 75 345 non
89 281 179 342 modo
193 285 259 343 ritae
278 281 463 350 commodis,
496 281 542 339 sed
560 298 597 339 ne
617 280 674 339 vitai
693 280 809 357 quidem
829 282 886 359 ipsa

10 361 164 439 quisquam
186 370 267 419 earet.
293 356 339 416 'de
368 357 483 415 mortuis
509 357 635 433 loquor,
654 357 704 433 qui
727 357 795 415 nulli
814 356 882 418 sunt.

10 452 87 503 nos,
106 436 153 509 qui
165 434 280 505 sumus,
309 450 379 492 num
393 444 461 491 eaut
480 431 500 489 fi
521 432 648 491 cornibus
669 448 816 503 caremus,
836 445 905 493 aute
919 436 1033 512 &elidit

10 510 147 587 spemn,
164 510 197 569 lit
210 513 259 588 qui
286 509 336 567 rid
357 505 482 567 dixerit?
501 507 575 566 certb
603 524 699 567 nemo.
736 507 803 585 quid
817 512 854 568 ita
870 497 906 568 if
917 501 995 561 Μ’·

12 589 84 663 quia
98 585 161 645 clun
174 586 203 646 id
217 604 277 646 non
291 585 389 644 habeas
404 626 413 654 ‚
435 583 513 661 quod
526 585 574 643 tibi
587 600 641 643 nec
654 584 719 652 usu,
738 600 791 643 nec
805 598 882 644 natu·
892 564 947 671 Mi}
964 626 1019 675 m

14 663 48 799 qi
57 662 102 797 bsrt
120 674 216 739 aptum
238 705 247 732 ‚
274 679 333 722 non
360 678 473 730 careas,
499 659 625 719 etiamst
652 660 747 719 sentias
773 673 802 719 te
823 638 970 738 nonffl

39 754 129 799 aere.

56 815 126 873 Hoc
139 813 324 890 premendum
333 815 422 873 etiam
436 825 519 890 atque
532 814 615 872 etiam
631 812 668 871 est
681 826 887 887 argumentum,
896 810 933 869 88

13 889 187 952 confirmato
202 891 266 961 illo,
286 890 410 967 dequo,
429 890 448 948 fi
464 890 592 947 mortales
605 891 690 948 animi
703 890 789 959 sunt,
809 892 887 949 dubi·

13 980 78 1027 tare
92 984 151 1025 non
166 966 327 1040 possumus,
346 967 413 1043 quin
426 978 515 1024 tantus
537 965 659 1023 interitus
673 966 702 1023 in
724 978 816 1024 morte
836 966 868 1024 fit
876 1007 886 1036 ,

14 1054 101 1103 utne
115 1044 231 1102 minima
265 1042 356 1101 uidem
371 1042 505 1117 hsuspicio
517 1040 606 1119 senius
620 1042 794 1117 relinquatur.
830 1038 910 1102 noch
925 1037 1033 1118 uspicie-

16 1120 27 1179 i
50 1119 103 1177 'tur
116 1116 202 1194 probe
216 1062 329 1178 staiilito
350 1119 380 1176 &
403 1118 461 1177 fito
485 1117 551 1175 illud
569 1118 765 1175 excutiendum
781 1117 836 1185 est,
856 1134 886 1178 ut
894 1117 924 1152 ¹¹⁸
934 1107 985 1152 Μ’·

29 1197 136 1265 elatur,
175 1194 222 1253 uid
235 1193 268 1253 srt
280 1211 390 1263 carere,
408 1212 446 1259 ne
460 1194 626 1268 relinquatur
639 1194 740 1269 aliquid
754 1197 885 1254 errorisin

19 1269 118 1329 verbo.
154 1212 256 1329 {arere
269 1272 350 1346 igitur
363 1271 419 1328 hoe
441 1268 595 1343 fignificat,
623 1285 703 1342 egere
723 1287 783 1335 eo,
809 1271 887 1345 quod

16 1346 121 1407 habere
136 1347 211 1405 velis.
250 1344 316 1405 inest
331 1348 406 1404 enim
420 1346 490 1403 velle
506 1346 534 1402 in
551 1343 694 1410 carendo,
712 1343 799 1402 ⁶4nisr
820 1346 885 1406 clun

18 1421 77 1490 iic,
96 1434 142 1481 tarr
163 1439 227 1481 uam
242 1424 270 1481 in
293 1422 385 1490 febri,
410 1420 531 1489 dicitur,
559 1419 610 1478 alia
629 1421 747 1495 quadam
767 1424 885 1489 notione

19 1499 107 1557 verbi.
144 1440 243 1558 iterun
257 1500 333 1557 enim
347 1497 402 1556 alio
418 1496 507 1555 modo
522 1497 605 1554 etiam
619 1512 711 1555 carere
724 1539 733 1566 ,
761 1494 825 1555 cum
840 1499 888 1557 ali·

21 1573 92 1648 quid
106 1593 164 1633 non
189 1574 285 1633 habeas
311 1575 341 1632 δι
354 1590 413 1632 non
427 1573 527 1631 habere
540 1584 568 1629 te
581 1572 697 1643 sentias,
716 1574 799 1631 etiarn
824 1573 902 1633 iridi
917 1575 982 1649 enirn

23 1647 104 1709 facile
118 1651 227 1726 patiare.
247 1646 439 1709 carereienim
456 1649 508 1707 ¹‘in
521 1660 613 1706 morte
624 1665 683 1707 non
696 1648 803 1708 dicitur.
821 1638 1035 1720 lneefi‘fi‘ffls·

24 1726 102 1785 enim
116 1723 181 1784 effer
195 1726 356 1785 dolendum.
391 1725 489 1783 dieitur
510 1723 575 1782 illud
602 1725 679 1782 bono
694 1706 998 1810 carere,quod}m2¹⁰

26 1799 65 1860 est
79 1801 193 1860 malum.
218 1800 264 1860 sed
278 1819 313 1860 ne
327 1801 406 1858 vivus
419 1799 533 1876 quidem
546 1800 622 1857 bono
636 1813 726 1868 earet,
745 1799 765 1858 fi
779 1818 814 1858 eo
829 1819 888 1861 non
898 1824 922 1872 id
934 1840 985 1873 non
1001 1795 1010 1819 ²

25 1876 155 1952 indiget:
176 1876 221 1935 sed
241 1879 270 1936 in
295 1876 363 1934 vivo
388 1875 502 1950 intelligi
521 1886 614 1933 tamen
635 1876 724 1949 potest
739 1918 748 1945 ‚
766 1876 794 1929 ⁶5
803 1894 889 1953 regno
899 1890 977 1938 rau-r.

25 1963 163 2010 ”careret
184 1952 239 2011 dici
252 1951 409 2010 autemhoc
420 1950 449 2009 in
464 1964 496 2009 te
506 1949 565 2009 satis
578 1949 706 2008 subtiliter
717 1969 776 2011 non
783 1954 888 2027 potest:
935 1956 960 2000 Ρ·
975 1954 1004 2001 Β·

25 2025 118 2105 pollet
132 2028 161 2085 in
175 2027 347 2105 Tarquinio:
367 2026 431 2085 eum
452 2042 538 2101 regno
560 2022 625 2084 effet
650 2026 779 2101 expulsus.
816 2041 844 2086 at
858 2012 1001 2122 inqsqeque

25 2115 144 2163 mortuo
157 2120 194 2161 ne
208 2104 321 2178 intelligi
334 2102 446 2178 quidem
461 2115 477 2144 ¹¹
485 2101 582 2175 potest.
619 2118 710 2161 carere
725 2105 800 2163 enim
826 2105 887 2163 sen·
896 2112 950 2184 at*
966 2088 1018 2123 ¹¹⁰²

22 2180 118 2239 tientis
132 2178 185 2237 esta
204 2196 258 2237 nee
270 2178 356 2238 senius
370 2181 399 2237 in
413 2176 543 2236 mortuo:
563 2194 600 2235 ne
613 2178 825 2255 caterequidem
839 2182 889 2255 igi-
900 2156 964 2249 ,nuic
974 2210 1040 2247 me.

22 2256 114 2316 turin
129 2266 242 2314 mortuo
263 2255 309 2314 est.
349 2257 529 2330 Quamquam
549 2253 615 2328 quid
628 2271 705 2329 opus
726 2255 763 2312 est
784 2257 813 2314 in
834 2256 1044 2328 hommum,

22 2329 235 2409 philosophari,
266 2330 331 2389 cirrn
353 2348 413 2389 rem
440 2348 499 2389 non
527 2345 696 2405 magnopere
723 2330 892 2409 philosophii
902 2326 939 2400 89

26 2424 112 2483 egere
127 2406 290 2465 videamus?
849 2468 854 2477 ,
903 2417 920 2450 ¹¹
935 2399 1012 2465 [²⁰²⁶st

69 2482 216 2543 XXXVll.
236 2485 416 2557 Quorrns
442 2499 502 2541 non
524 2479 612 2539 modo
640 2481 766 2542 duilores
792 2484 894 2555 nostri,

23 2557 75 2619 sed
90 2559 208 2616 univerit
222 2562 304 2618 etiam
318 2560 452 2617 exercitus
463 2556 493 2599 ⁶⁶
501 2557 535 2615 ad
558 2575 617 2616 non
639 2557 749 2617 dubiam
772 2572 894 2621 mortem

830 2655 898 2696 COll·

28 2798 191 2911 „egisti”
201 2796 351 2907 ‘amq-elstQfi
360 2798 463 2863 privatur
473 2795 520 2873 eil,
537 2810 579 2907 nge
590 2810 695 2907 qnquarn
704 2798 826 2870 regnavit,
842 2797 898 2872 saris

29 2873 263 2985 neatepqocqqqqanrq
298 2872 899 2995 ἰέἒξηγεθεῖξῗέἑξῗὲυἰεᾳῧῑιῖῃὲυῐὲιευξξῖῗὲοεῒῐῖ

29 2983 198 3050 postenregno
208 2936 297 3048 exquiri
312 2984 424 3035 fuerunt:
449 2983 515 3045 quod
534 2984 618 3033 aecrdrt
633 2991 764 3045 Tarqurnro
776 2986 897 3047 Superbo,

29 3048 114 3112 quiex
129 3050 243 3096 Romano
254 3047 355 3111 imperio
364 3047 458 3096 errabitis
469 3046 519 3100 eil,
535 3045 611 3102 unde,
624 3048 665 3107 qui
675 3046 805 3109 aliquando
813 3061 898 3110 regua·

30 3113 82 3165 vit,
98 3111 125 3159 δε
136 3108 220 3183 deinde
230 3124 329 3173 regnum
340 3108 430 3183 amitit,
445 3106 692 3183 fignificanrer'dicere
717 3107 776 3157 orell
787 3108 809 3157 se
819 3124 894 3174 regno

29 3185 124 3226 carere,
138 3186 194 3222 uum
203 3173 228 3222 io
237 3187 311 3229 eum,
327 3187 369 3235 qur
377 3171 466 3235 semper
475 3183 577 3234 pnvarus
589 3186 666 3229 vrrrr,
686 3123 716 3219 ui
722 3172 817 3223 verbum
826 3173 898 3222 cade·

32 3248 61 3285 re
72 3247 121 3280 non
131 3233 208 3296 poffit.
243 3237 340 3285 uenata
624 3264 636 3287 .·
966 3281 969 3288 .

66 3304 105 3351 σς.
124 3298 168 3343 „Aa
178 3315 217 3345 non
230 3300 318 3345 duliam
328 3309 416 3347 mortem
426 3305 592 3358 cantaturum]
607 3304 745 3345 acaum
758 3297 835 3361 magio
846 3296 898 3363 pla·
917 3310 935 3354 ·.·'

31 3370 86 3413 aet,
102 3371 127 3405 ur
138 3357 170 3406 est
180 3361 205 3407 in
215 3361 321 3425 antiquo.
352 3360 427 3409 vrfin.

65 3427 103 3469 66.
123 3427 174 3469 cm
185 3427 265 3483 Pyrrho
276 3428 355 3488 napea]
375 3424 441 3473 Licet
450 3426 557 3492 plerique
568 3419 688 3486 scriptores
699 3434 790 3487 patrem
802 3432 901 3535 tantu:
918 3475 925 3493 Ι,
