2318 3914
230 138 422 217 Lim
464 145 761 223 Teneion·
873 170 956 240 2451·

74 258 185 320 causam
201 260 296 323 Stoicis
308 280 368 322 non
382 259 492 322 videtur
506 252 652 335 optabilior
667 302 676 329 ,
696 278 749 320 nec
764 263 850 339 magis
865 282 953 342 expe·

77 335 163 394 tenda
176 333 252 398 berta
265 341 341 407 rita,
362 336 384 396 fi
404 336 436 394 fit
454 337 540 410 longa
586 333 650 393 udm
666 336 686 394 fi
700 337 804 396 brevis:
823 351 952 402 utuntur·

79 427 136 486 que
150 411 236 474 limili.
273 428 305 474 ur
319 413 484 472 ficothumi
496 411 554 468 laus
566 352 610 468 illa
625 409 706 482 esset,
725 413 759 472 ad
774 414 873 488 pedem
888 418 951 494 apte
1037 413 1050 431 '

79 492 252 561 convenire,
272 507 367 566 neque
388 487 467 546 multi
489 485 617 545 cothurni
638 489 730 562 paucis
750 501 950 565 anteponeren-

79 573 124 621 tur
138 607 147 635 ,
166 584 219 626 nec
234 569 356 642 majores
369 562 521 625 minoribus
535 583 542 622 r
563 563 600 621 fic
614 581 735 638 quorum
749 566 949 630 omnebonum

79 642 276 702 convenientid
316 653 399 718 atque
426 640 631 716 opportunitate
659 639 775 712 finitur,
802 659 855 701 nec
875 645 951 718 plura

78 719 280 788 paucioribus,
300 735 363 777 nec·
374 717 567 795 longinquiora
587 715 757 777 brevioribus
778 728 951 795 anteponcn·
994 716 1007 735 “

74 802 128 851 tur.
434 844 437 851 .
882 818 887 827 ’

117 869 182 928 Nec
198 869 267 930 vero
289 870 348 930 satis
360 867 439 928 acute
459 868 570 928 dicunt:
592 868 707 930 Sibora
721 871 844 931 valitudo
864 870 992 946 plurls47

22 945 24 956 '
77 944 238 1005 aestimanda
259 947 291 1005 stt
308 947 390 1022 longa
415 945 501 1023 quam
523 946 635 1013 brevis,
672 946 810 1021 sapientiae
832 966 948 1024 quoque

79 1019 321 1097 ususlongiffimus
339 1023 454 1100 quisque
477 1021 510 1081 stt
530 1023 649 1096 plurimi.
686 1040 746 1081 non
768 1024 948 1101 intelligunt,

78 1095 234 1160 valitudinis
249 1100 458 1159 aestimationcm
477 1099 564 1173 spatio
581 1098 698 1174 judicati
713 1102 729 1157 :'
747 1101 876 1170 virtutis,
896 1119 949 1176 op-

78 1175 260 1244 portunitate:
280 1188 311 1235 ut
325 1175 470 1243 videantur
485 1176 570 1251 55.qui
582 1174 648 1234 illud
661 1174 766 1245 dicant,
788 1177 873 1235 iidem
888 1177 946 1236 hoc

80 1243 243 1312 essedieturi
270 1251 404 1322 ,bonum
419 1262 542 1309 mortem
573 1251 602 1310 ἃ
622 1251 728 1310 bonum
749 1264 857 1326 partum
883 1258 973 1317 me·'
1012 1255 1016 1261 '

79 1321 179 1384 liorem
191 1327 306 1404 longum
329 1325 383 1386 effe
408 1325 495 1404 quint
514 1328 636 1389 brevem.
675 1345 735 1387 non
754 1328 873 1399 vident,
891 1330 944 1389 alia

80 1397 211 1468 brevitate
226 1405 307 1479 pluris
320 1404 447 1463 aestimari
461 1426 471 1471 ;
492 1403 543 1462 alia
571 1402 756 1463 diuturnitate.

113 1475 211 1554 Itaque
224 1481 440 1541 consentaneum
455 1480 493 1538 est
506 1481 564 1547 hir,
584 1497 648 1556 quae
661 1478 734 1538 dieta
747 1479 808 1539 sunt
816 1521 825 1549 ,
834 1483 940 1540 ratione
951 1480 988 1554 48
1085 1547 1088 1552 ,
1123 1534 1127 1541 .

72 1550 200 1623 illorum,
219 1559 268 1633 qui
288 1559 366 1616 illum
386 1558 526 1617 bonorum
549 1555 659 1624 finem,
678 1554 756 1632 quod
775 1558 942 1632 appellamus
992 1597 995 1601 -

75 1640 255 1701 extremum,
282 1634 361 1711 quod
386 1634 540 1703 ultimum,
574 1632 693 1692 crescere
720 1645 817 1707 putent
843 1632 942 1708 polle,

74 1704 172 1764 iisdem
193 1708 323 1782 placete,
365 1707 418 1768 elle
447 1710 530 1767 aliurn
551 1708 606 1768 alio
627 1709 711 1767 etiam
730 1708 943 1784 sapientiorem,

72 1779 199 1859 itemque
213 1787 297 1844 aliurn
312 1788 399 1861 magia
412 1785 466 1844 alio
479 1786 525 1844 vel
546 1784 661 1858 peccare
687 1783 733 1841 vel
754 1783 827 1843 reete
840 1787 943 1846 faeere.

72 1858 151 1932 quod
163 1861 243 1920 nobis
256 1863 392 1921 nonlicet
407 1862 498 1921 dicere
513 1881 520 1918 ι
541 1862 589 1935 qui
609 1858 728 1918 crescere
748 1860 888 1920 bonorum
907 1863 942 1921 fi-

70 1950 140 1992 nem
153 1953 212 1995 non
227 1950 363 2012 putamus.
400 1948 432 1995 ut
445 1938 521 1995 enim
536 1937 584 2012 qui
599 1934 715 1995 demetii
738 1935 797 1995 sunt
817 1938 846 1995 in
871 1955 945 2014 aqua

69 2010 160 2070 nihilo
176 2014 264 2088 magis'
278 2014 405 2089 respirare
423 2009 556 2087 poliunt,
583 2011 603 2069 sr
623 2028 683 2069 non
703 2010 787 2086 longe
811 2012 905 2072 absunt
924 2013 941 2072 a

68 2083 207 2155 summo,
234 2102 265 2147 ut
288 2091 343 2148 'am
359 2091 475 2164 jamque
494 2088 594 2164 poffint
622 2103 787 2160 emergere,
813 2087 899 2164 quam
922 2087 943 2147 fi

68 2165 155 2221 etiam
170 2176 231 2223 tum
245 2183 260 2223 e
282 2179 330 2225 ent
344 2166 373 2225 in
386 2165 542 2241 profundo:
562 2181 615 2223 nec
630 2161 732 2221 catulus
745 2163 807 2235 ille,
822 2165 870 2241 qui
880 2165 942 2240 jam

64 2241 288 2328 appropinquat,
308 2253 339 2301 ut
352 2241 463 2309 videat,
483 2241 541 2316 plus
556 2241 643 2300 cernit
663 2238 747 2315 qudrn
761 2240 802 2313 is,
814 2241 863 2317 qui
876 2259 941 2300 mo·
981 2311 988 2326 .

69 2313 110 2372 do
127 2317 164 2374 est
178 2330 255 2375 natus
270 2337 278 2377 ε
298 2320 357 2378 ²1ita
372 2320 421 2393 qui
436 2317 463 2371 5⁶
471 2315 597 2392 procedit
612 2317 782 2392 aliquantum
803 2318 840 2376 ad
853 2318 964 2377 virtu·x
980 2326 1039 2365 uem

39 2440 43 2449 .
69 2390 438 2529 tirhalclitumemnihilominus¹
468 2395 498 2454 in
522 2393 627 2453 miseria
647 2392 684 2452 est
704 2391 790 2469 quim
810 2394 873 2463 ille,
892 2377 1078 2472 quintalna.

71 2485 130 2527 mr
154 2486 221 2541 proc
268 2482 289 2530 t.

107 2545 174 2603 XV.
194 2546 285 2605 He‘c
306 2545 438 2606 mirabilia
451 2544 538 2604 videri
559 2545 692 2621 intelligo.
717 2544 764 2605 sed
784 2544 848 2604 cunr
868 2546 941 2607 cette

70 2619 208 2696 superiora
222 2622 300 2682 firma
326 2641 358 2682 ac
373 2639 437 2681 vera
449 2622 517 2691 ssot,
546 2623 586 2682 his
607 2636 701 2681 autem
716 2639 748 2679 ea
762 2622 945 2683 consentanea
981 2618 1005 2667 P·
1027 2617 1055 2674 ³*

22 2722 25 2739 ι
69 2699 102 2756 &
118 2699 330 2775 consequentia3
351 2717 387 2759 oe
401 2698 436 2758 de
450 2717 548 2759 eorum
563 2698 678 2775 quidem
700 2699 816 2756 ueritate
837 2699 875 2757 est
890 2700 943 2758 du·

68 2775 221 2836 bitandum.
260 2776 306 2835 sed
324 2793 496 2855 quamquam
517 2787 644 2854 negent,
662 2791 716 2834 nec
738 2775 867 2846 virtutes,
887 2793 942 2861 nec

900 2868 944 2909 vr·

99 3047 113 3095 ς
116 3045 136 3087 5.
153 3034 204 3098 Qi
212 3034 271 3080 illud
280 3034 366 3089 dicant,
376 3032 489 3081 iidemhoc
498 3031 534 3092 effe
544 3031 651 3100 diambi
658 3023 684 3098 Si¹
692 3023 800 3074 standum
811 3021 857 3079 est,
868 3035 942 3100 'utrar-

67 3090 157 3151 bitror,
166 3096 306 3145 aunuente
321 3096 369 3144 Pal.
382 3109 415 3158 pr
427 3092 551 3144 resecanda
560 3091 612 3142 sunt
623 3104 668 3139 trra
679 3089 721 3138 rlla
733 3087 816 3145 verbo,
833 3103 871 3152 qm
883 3088 943 3135 illud

70 3155 213 3215 decennem
232 3174 287 3208 uam
299 3159 313 3207 d
324 3157 466 3224 gloss'emate
477 3157 579 3206 tenoris.
612 3157 702 3201 Gruter.
897 3188 903 3195 .

104 3227 142 3274 56.
157 3173 251 3284 ProceJfir
260 3224 398 3285 aliquantum
408 3223 437 3269 ad
451 3222 543 3268 virtutis
554 3220 660 3274 aditum]
689 3217 749 3262 Non
765 3210 883 3262 aversatur
898 3227 942 3261 αυ-

69 3280 120 3336 ris,
136 3284 230 3331 habitum
242 3318 250 3343 ,
263 3285 330 3350 quod
339 3282 414 3333 exstat
428 3284 453 3332 io
463 3283 511 3331 Pal.
525 3281 568 3331 sec.
582 3280 615 3330 est
625 3278 696 3329 etiam
712 3277 737 3327 io
755 3272 852 3326 terriod
867 3288 941 3350 manu

66 3344 147 3408 prima
156 3347 262 3398 additum.
282 3353 334 3398 Err.
346 3347 478 3410 stephanus
493 3342 635 3399 divinabat,
651 3343 748 3414 adeptum
764 3354 808 3414 pto
823 3339 940 3400 adeptione.

65 3410 165 3472 propina
175 3409 254 3463 lituo
261 3408 353 3474 fuiffet,
368 3411 475 3474 adytumr
496 3422 522 3456 ut
533 3399 782 3483 poetieeiilpolurilet
797 3415 841 3467 pto
854 3402 942 3474 templo.

67 3470 146 3525 idern.
224 3512 276 3543 ,ς-
380 3539 384 3551 ,
480 3536 642 3590 Suum
842 3525 974 3582 mm».
