2318 3914
248 124 327 215 2478
432 122 494 190 Da
513 122 602 191 Frn.
622 122 721 190 Bon.
740 124 790 187 nr
810 117 930 187 Man

244 235 320 293 enim
340 233 387 294 ista
409 232 539 309 meliosi)
558 251 683 313 quonam
703 230 791 293 modo
811 228 845 288 ab
857 230 962 291 iisdem
975 230 1114 310 principiis

244 310 363 384 profesti
380 356 389 384 ‚
409 313 546 382 efficiaris,
564 324 597 371 ut
614 308 730 370 honeste
748 308 842 368 vivere
861 308 961 381 (idest
975 310 1059 369 enim
1073 310 1113 369 vel

246 402 283 446 ex
297 388 419 459 virtute,
445 388 491 448 vel
511 400 616 447 natnrae
636 396 819 463 congruenter
838 385 954 460 vivere)
970 384 1113 447 summum

196 506 199 511 .
247 459 357 523 bonum
369 465 418 536 fit,
438 466 605 542 &quonam
626 464 714 524 modo
741 472 789 521 aut
800 476 856 536 quo
870 461 940 521 loco
956 478 1064 539 corpus
1075 464 1114 523 su·

243 534 303 596 bito
325 540 514 610 deserueritis,
532 542 684 619 omniaque
704 556 761 609 ea,
787 553 850 617 qua}
870 537 940 625 cum
961 538 1115 600 secundnm

243 627 370 675 naturam
384 617 451 687 smt,
471 617 585 679 abfinta
605 617 694 676 nostra
713 612 866 693 potestate:
886 615 982 690 ipsum
996 615 1113 692 denique

95 703 208 765 iquonae
245 691 381 754 officium.
418 712 513 770 quaero
527 695 632 769 igitur,
652 692 722 767 iquo
743 690 833 751 modo
854 692 901 748 hae
921 704 1017 751 tantae
1040 710 1112 753 com·

94 768 167 819 uas.
242 769 478 903 1rirrgnd}tiorres‚a
492 782 587 829 natura
607 768 740 846 professae
754 810 764 837 ,
789 764 878 825 subito
891 766 909 827 i
922 767 1064 845 sapientia
1075 788 1112 829 re·

291 862 315 901 ae
339 860 388 906 mt.

192 943 227 1000 27
282 921 370 997 Quod
383 920 402 980 fi
416 941 476 982 non
489 924 610 983 hominis
622 922 761 981 summum
775 920 883 981 bonum
903 936 1107 996 quaereremnt‚
1144 966 1148 975 ·

90 1000 109 1050 k
124 1002 219 1055 sedani-
242 994 307 1055 ksed
321 1000 462 1072 cujusdam
478 1001 636 1059 animantis:
658 1000 679 1057 is
692 1010 786 1057 autem
798 995 864 1057 esset
878 998 971 1067 nihil,
992 1000 1047 1059 nifi
1059 1001 1107 1061 ani·

89 1068 179 1143 ”33¹1ss
244 1090 323 1132 mus:
342 1076 418 1139 (licet
431 1078 507 1137 enim
521 1072 622 1152 finger'e
637 1074 736 1149 aliquid
749 1073 887 1150 ejusmodi
903 1116 912 1145 ,
931 1090 997 1149 quo
1016 1093 1107 1136 vernn

88 1133 190 1241 1¹³2&
242 1150 345 1209 facilins
358 1152 536 1227 reperiamus)
554 1165 649 1211 tamen
662 1152 701 1210 illi
714 1152 809 1209 animo
822 1168 882 1210 non
895 1149 968 1210 esset
981 1152 1032 1211 hic
1052 1154 1109 1211 ¹re·

88 1208 160 1305 3255·
240 1225 291 1284 ster
304 1225 371 1285 sinis.
410 1228 571 1289 desideraret
591 1231 667 1287 enim
688 1225 920 1296 mvalitudinem,
941 1231 1107 1289 vacuitatem

90 1330 116 1365 m
128 1315 230 1367 valetud.
242 1300 359 1363 doloris:
379 1318 517 1380 appeteret
531 1308 614 1364 etiam
629 1304 866 1363 conservationem
889 1303 931 1363 sui
954 1322 1107 1379 earumque

90 1381 142 1429 arta
240 1394 331 1438 rerum
345 1381 511 1441 custodiam:
531 1381 671 1454 finemque
685 1380 732 1438 srbi
747 1380 944 1448 constitueret,
959 1381 1106 1441 secundnm
1139 1436 1143 1459 ,

240 1468 365 1514 naturam
379 1458 472 1516 vivere
487 1478 494 1516 ε
514 1458 590 1533 quod
603 1459 658 1524 est,
677 1469 709 1514 ut
722 1455 795 1524 dixi,
813 1456 916 1516 habere
929 1474 984 1527 ea,
1002 1456 1107 1533 quaese·

242 1532 364 1619 cundiam
377 1547 503 1593 naturam
516 1535 593 1604 sunt,
613 1535 658 1593 vel
672 1532 785 1604 omnia,
799 1536 845 1599 vel
858 1533 982 1611 plurima
1001 1536 1034 1594 sir
1051 1550 1105 1591 nra·

242 1622 323 1667 arima.

197 1690 232 1752 28
282 1685 488 1763 Cujuscumque
502 1688 576 1746 enim
592 1687 671 1747 modi
684 1687 785 1745 animal
798 1686 989 1749 constitueris:
1001 1682 1106 1747 neceffe

125 1772 152 1818 ²·
171 1774 197 1819 ³·
242 1760 698 1899 {sarrtsrsssisritrs
712 1761 818 1899 sid
836 1762 1105 1899 fiiimdt’rissiiff

242 1930 311 1987 pore
327 1936 334 1974 :
355 1929 386 1974 ut
398 1858 480 1975 mugi
488 1917 593 1985 modo,
612 1915 663 1974 nisi
676 1927 707 1974 ut
721 1882 833 1992 exposui
846 1857 864 1986 :³
876 1913 1006 1983 constitui
1022 1912 1105 2001 posit

243 1987 304 2048 finis
318 1992 465 2053 bonorum.
486 1993 650 2069 Chrysippus
668 2003 760 2051 autem
771 2011 931 2073 ,exponens
942 1990 1107 2051 differentias

243 2068 447 2138 animantium,
474 2072 512 2128 ait
532 2070 594 2128 alias
614 2086 709 2129 earum
730 2086 846 2143 corpore
867 2068 1031 2137 excellere,
1047 2066 1108 2125 alias

245 2155 338 2201 autem
360 2147 479 2214 animo,
498 2145 641 2204 nonnullas
668 2145 758 2204 valere
778 2159 893 2219 utraque
918 2164 975 2205 re:
1009 2143 1108 2203 deinde

246 2217 377 2294 disputat,
397 2222 472 2294 quod
485 2223 614 2298 quusque
629 2224 734 2296 generis
752 2222 898 2279 animantis
917 2220 1000 2280 statui
1014 2222 1107 2280 decen

246 2310 411 2354 extremum.
449 2296 512 2355 ciam
526 2311 617 2355 antem
633 2299 778 2356 hominem
790 2299 817 2356 in
833 2315 869 2355 eo
882 2315 992 2372 genere
1014 2296 1109 2374 posuis·

244 2370 307 2440 set,
327 2384 357 2429 ut
369 2373 394 2429 ei
407 2372 535 2432 tribueret
555 2375 641 2431 animi
661 2374 872 2432 excellentiam:
894 2373 1041 2433 summum
1061 2376 1109 2433 bo-

95 2495 113 2530 „
127 2480 203 2539 „ms
243 2463 312 2505 num
329 2447 357 2505 id
372 2449 526 2520 constituit,
546 2468 603 2508 non
619 2450 750 2508 excellere
764 2452 876 2520 animo,
896 2449 943 2508 sed
956 2452 1026 2511 ¹¹uti
1045 2450 1108 2510 nihil

203 2514 210 2528 ⁸
241 2520 311 2590 effe,
331 2535 430 2598 praeter
443 2527 592 2595 animum,
612 2525 757 2585 videretur.

277 2599 343 2658 XII.
362 2602 448 2658 Uno
470 2622 598 2662 suren
621 2602 709 2661 modo
723 2604 752 2660 in
766 2604 866 2661 virtute
885 2601 942 2661 sola
964 2603 1107 2664 summurn

239 2675 345 2735 bonum
359 2675 432 2735 reeca
446 2692 610 2754 poneretur,
630 2678 649 2736 fi
664 2678 739 2753 quod
754 2677 818 2737 esset
831 2678 951 2749 animal,
973 2682 1054 2756 quod
1068 2693 1110 2739 to-

240 2765 301 2813 tum
324 2773 358 2813 ex
380 2767 475 2813 mente
495 2756 651 2815 constaret:
676 2754 791 2829 idipsum
818 2769 914 2812 tamen
940 2756 1007 2826 fic,
1027 2768 1060 2817 ut
1079 2774 1109 2815 ea

245 2850 323 2895 mens
335 2832 403 2890 nihil
415 2832 525 2890 haberet
538 2835 567 2890 in
580 2832 622 2901 se,
643 2830 717 2905 quod
726 2829 790 2889 esset
804 2829 955 2889 secundnm
971 2844 1109 2892 naturam:

197 2933 215 2975 2
240 2922 271 2969 ut
291 2908 435 2967 ⁰vaiitndo
456 2909 501 2968 est.
539 2907 592 2967 Sed
619 2906 647 2966 id
674 2926 711 2965 ne
732 2907 845 2981 cogitari
865 2908 981 2981 quidem
998 2908 1110 2984 potest,

95 3008 113 3043 ο
132 2934 235 3045 annui
242 2986 320 3062 quale
335 2984 383 3055 sit,
402 2996 433 3042 ut
446 3004 504 3044 non
519 2995 651 3060 repugnet
662 2984 750 3058 ipsum
764 2983 819 3042 sibi.
838 2981 877 3041 fin
890 2981 960 3042 dicit
974 2984 1109 3044 obscurari

93 3058 144 3110 alis.
239 3061 391 3139 quaedam,
416 3079 469 3120 nec
487 3079 638 3137 apparere,
665 3060 729 3144 quia·
748 3059 826 3117 valde
845 3076 929 3135 parva
950 3059 1031 3131 sint,
1059 3076 1109 3119 nos

237 3155 349 3216 quoque
362 3139 550 3197 concedimus.
588 3136 664 3211 quod
678 3136 744 3193 drcrt
756 3136 888 3210 Epicurus
903 3134 938 3193 de
952 3138 1109 3213 voluptate,

244 3232 307 3291 qnae
329 3215 454 3273 minimae
477 3215 529 3272 fint
548 3214 724 3288 voluptates,
751 3229 794 3270 eas
816 3210 950 3285 obscurari
981 3213 1019 3271 sae
1039 3231 1056 3272 e
1080 3212 1109 3271 δι

243 3290 331 3350 obrui.
368 3289 485 3349 sednon
499 3292 601 3350 suntin
615 3307 651 3347 eo
664 3306 764 3364 genere
785 3300 870 3346 tantae
890 3232 1108 3351 commoditates

237 3367 368 3443 eorporis
392 3379 506 3444 tamque
532 3366 675 3444 produdae
695 3364 863 3441 temporibus
894 3376 1015 3443 tamque
1041 3360 1110 3427 mul·
