2318 3914
225 131 309 195 2404
399 86 489 174 'Do
509 108 597 171 Fiu.
618 103 716 171 Bon.
735 123 785 170 ῑτ
807 104 923 171 Mne.

227 217 322 276 strum.
359 231 424 291 quae
444 212 583 288 mihiipsi
608 257 616 283 ,
642 212 691 288 qui
718 211 786 271 volo
815 214 845 272 δι
873 208 927 271 effe
946 211 977 271 ὃ(
1002 209 1098 292 haberi

228 304 318 367 gratus
334 332 343 360 ,
358 304 432 365 grata
457 307 517 349 non
537 288 646 357 effent,
672 288 722 348 nisi
744 305 808 347 eum
831 289 1013 364 perspicerem
1035 285 1100 347 med
1149 366 1151 371 Α

228 365 308 426 causd
321 367 389 425 mihi
405 367 527 425 amicum
542 363 636 434 fuisse,
655 382 715 425 non
728 363 788 423 sut:
809 365 859 424 nist
873 367 929 423 hoc
943 361 1100 434 dicis‘,sud,

228 442 308 519 qudd
321 443 430 509 interest
442 441 572 502 omnium
587 440 661 501 redd
675 442 766 500 facere
794 440 815 499 fi
828 441 857 501 id
869 441 953 507 dicis,
972 440 1104 499 vicimus.

154 590 167 597 ,
230 519 260 579 id
275 520 350 578 enim
366 519 511 589 volumus,
530 517 560 578 id
573 517 784 588 contendimus,
803 527 871 578 97ut
885 517 971 577 officii
995 515 1103 578 {rudus

67 594 209 669 cmxxx.
233 594 265 655 fit
279 595 366 670 ipsum
381 595 516 656 officium.

188 696 223 757 73
253 720 259 733 .
272 672 340 731 Hoc
354 669 399 740 ille
412 684 474 742 tuus
486 689 546 731 non
560 670 619 730 vult
633 713 643 742 ,
661 671 846 746 omnibusque
866 689 901 729 ex
925 669 1005 729 rebus
1020 669 1103 730 volu·

229 761 358 828 potem,
377 746 452 826 quafi
472 746 656 821 mercedem,
676 748 769 822 exigit,
804 747 851 806 sed
864 747 899 806 ad
912 747 990 805 illum
1006 745 1104 810 redeo.

84 851 103 914 1,
117 836 191 901 note·
233 825 262 884 Si
277 823 423 900 voluptatis
437 822 514 884 caut
530 841 595 884 cum
609 822 690 882 Gallo
704 823 796 898 apud¹1
806 824 946 892 Anienem
961 821 1104 897 depugna·

86 916 199 967 namatii.
234 902 275 960 vit
289 915 472 977 prouocatus,
491 905 521 960 dc
543 919 577 960 ex
599 900 658 973 ejus
679 900 767 974 spoliis
789 898 835 958 fibi
871 900 1104 975 detorquere&

234 994 395 1053 cognomen
423 978 535 1045 induit,
560 975 589 1031 98
597 976 699 1034 nullam
727 976 807 1033 aliam
827 975 864 1035 ob
892 975 1027 1044 causam,
1053 974 1103 1034 nifi

235 1053 312 1130 quod
328 1054 354 1112 ei
366 1053 429 1112 talia
442 1052 513 1112 fade
539 1052 621 1129 digna
646 1053 706 1111 vito
721 1052 898 1120 videbantut3
919 1053 1024 1110 fortem
1045 1069 1104 1111 non

85 1136 196 1202 lfipud.
236 1142 313 1207 puto.
332 1131 393 1203 Jam
407 1128 441 1187 ¹s1
455 1129 561 1204 pudor,
581 1127 765 1197 fimodestia,
786 1126 968 1203 sipudicitia,
988 1126 1027 1198 fi,
1048 1145 1105 1191 unu

86 1202 139 1253 emt
149 1200 225 1250 Μ·
236 1208 340 1275 verbo,
359 1206 556 1280 temperantia,
576 1221 669 1280 poenae
682 1218 728 1262 aut
748 1205 873 1264 infamiae
893 1216 971 1263 metu
992 1208 1109 1263 co'e'rce·

85 1267 185 1347 qumod·
239 1283 357 1350 buntur,
375 1298 434 1340 non
448 1280 587 1347 sanctitate
602 1279 686 1338 suase
700 1281 848 1339 tuebuntur
864 1300 872 1340 ε
901 1280 980 1357 quod
1001 1279 1109 1339 adulte·

88 1372 114 1407 m
131 1354 328 1429 tuicionem,
347 1358 424 1434 quod
438 1356 579 1433 stuprum,
599 1373 663 1433 quae
683 1355 767 1415 libido
787 1375 847 1416 non
867 1356 894 1416 se
919 1356 1053 1432 proripiet
1077 1373 1110 1416 ac

88 1421 149 1531 Pae
164 1480 202 1531 tic.
234 1435 455 1570 :taiagojligielttgut
476 1433 662 1500 occultatione
682 1432 838 1510 propofita,
856 1445 904 1492 aut
922 1432 1108 1508 impunitate,

88 1547 139 1593 alii.
329 1587 334 1596 .
398 1587 403 1597 .
438 1553 446 1568 ·
942 1586 948 1597 .

192 1583 899 1739 ⁷⁴nssdiffldngffld⁰²,Ji‘0ndmss515iiflim
915 1582 1108 1737 ζὲῗῗὲἑιέἓ

239 1756 305 1816 quae
319 1704 477 1807 contendis,
496 1737 555 1814 qud
569 1705 685 1808 referas,
703 1704 782 1813 'cujus
796 1739 834 1796 tei
850 1704 928 1796 cat'tffi
949 1703 1111 1812 perticere,¹

91 1844 108 1877 o
124 1825 181 1888 quid
263 1832 306 1871 uae
319 1816 441 1884 conant,
460 1814 650 1892 velis,⁰quod
663 1814 802 1888 optimum
819 1814 939 1890 denique
952 1814 982 1872 in
997 1814 1056 1874 vita
1065 1814 1109 1889 ju·

50 1936 53 1941 .
92 1892 169 1940 Lamb-
241 1832 332 1960 tdlices,
352 1909 411 1950 non
423 1890 523 1950 audere
537 1892 566 1949 in
581 1902 723 1950 conventu
738 1889 849 1955 dicere?
875 1889 942 1966 quid
956 1889 1034 1948 enim
1051 1906 1110 1948 me·

240 1967 293 2025 ren
310 1966 376 2026 velis
385 1967 470 2042 jam,
490 1965 554 2028 cum
570 1966 753 2042 magistratum
775 1966 865 2025 inieris
898 1970 927 2024 δε
942 1966 973 2024 in
996 1967 1111 2025 concio.

240 2061 308 2102 nem
332 2042 523 2113 adscendens,
544 2042 594 2117 (est
621 2043 697 2100 enim
718 2041 766 2100 tibi
787 2042 979 2111 edicendum,
997 2058 1065 2117 quae
1080 2041 1112 2101 fis

90 2141 107 2189 p
130 2123 233 2177 dicundo
244 2119 430 2178 observaturus
443 2120 471 2176 in
482 2120 545 2194 jure
560 2117 716 2194 edicendo:
739 2119 768 2176 ἃ
783 2114 891 2176 fortaffe
906 2120 1008 2186 etiam,
1028 2117 1111 2176 sitibi

91 2190 141 2248 dlii·
243 2197 293 2254 erit
306 2194 412 2262 visum,
431 2194 534 2269 aliquid
548 2192 582 2253 de
597 2194 744 2269 majoribus
758 2194 829 2265 tuis,
848 2193 927 2252 &de
945 2206 974 2253 te
996 2193 1054 2278 ipso
1069 2192 1110 2252 di-

241 2289 305 2337 ces,
326 2287 407 2328 more
422 2270 572 2344 majorum)
593 2271 659 2346 quid
674 2270 802 2328 merearis
816 2270 915 2343 igitur,
936 2280 1012 2333 utto
1035 2267 1109 2327 dicas

241 2346 272 2405 in
285 2363 321 2404 eo
335 2344 491 2420 magistratu
504 2347 601 2405 omnia
615 2346 761 2419 voluptatis
776 2343 854 2412 cauffi,
876 2345 1010 2411 fadurum
1033 2342 1108 2402 esse?

240 2437 325 2499 teque
337 2423 405 2481 nihil
419 2417 510 2479 fecisse
524 2423 554 2481 in
571 2421 701 2492 vita,nifi
715 2420 860 2495 voluptatis
875 2420 976 2489 causi?
995 2420 1043 2479 An
1054 2436 1111 2491 me,

239 2497 355 2573 inquis,
381 2510 438 2556 tam
460 2509 603 2557 amentem
623 2510 726 2574 putas,
752 2510 783 2555 ut
804 2496 877 2571 apud
897 2498 1040 2574 imperitos
1061 2496 1114 2556 isto

239 2572 330 2632 modo
344 2570 462 2651 loquar?
482 2575 522 2633 At
534 2585 566 2639 tu
579 2573 678 2632 eadem
691 2572 738 2633 ista
752 2572 797 2632 dic
812 2573 842 2631 in
858 2573 966 2649 judicio
981 2616 990 2643 ,
1009 2584 1074 2642 aut,
1093 2571 1114 2632 fi

238 2666 377 2709 coronam
391 2651 490 2718 times,
510 2647 554 2709 dic
569 2651 598 2708 in
614 2648 715 2708 senatu.
752 2666 907 2725 numquam
923 2650 1017 2708 facies.
1056 2665 1114 2723 cur,

240 2722 292 2797 nist
312 2723 391 2802 quod
412 2727 497 2803 turpis
518 2726 558 2798 est
571 2725 680 2796 oratio?
714 2742 798 2784 mene
819 2742 886 2801 ergo
920 2725 1113 2860 &Tn'darium

281 2812 283 2817 ’
1036 2817 1116 2878 ignot

272 3074 311 3113 97.
327 3065 361 3107 vt
370 3061 436 3121 officia·
445 3061 532 3121 findas
543 3062 573 3118 fit
582 3058 651 3124 ipsum
662 3060 774 3123 officium]
804 3064 905 3111 Notavit
917 3073 984 3125 patet
997 3061 1024 3110 in
1035 3061 1118 3118 olim

214 3172 219 3179 ,
241 3123 305 3176 [MS.
316 3133 341 3168 ut
351 3124 416 3183 officia·
423 3126 508 3171 titium
523 3125 572 3183 fin]
603 3120 689 3173 Nescio
705 3124 763 3188 quid
778 3123 834 3173 inde
849 3125 951 3173 voluerit
964 3124 1031 3188 sequi
1049 3159 1057 3182 ‚
1077 3137 1117 3174 aut

242 3180 403 3245 exsculpserit:
435 3185 477 3234 niti
492 3185 558 3250 quod
573 3187 599 3234 io
614 3189 744 3251 exemplati
763 3186 832 3237 video
849 3185 985 3246 annotaffe,
1001 3186 1120 3244 [ausone

242 3248 352 3303 titulum]
384 3251 493 3298 Gronov.

276 3318 312 3357 98.
332 3309 424 3356 Nullam
433 3312 503 3356 aliam
512 3310 536 3357 ob
546 3311 631 3373 causam
641 3313 699 3371 de]
714 3314 835 3363 Manutius
850 3312 1027 3369 &Lambinus,
1038 3314 1119 3370 ullam,

242 3368 283 3419 sed
294 3370 429 3445 nolentibus
445 3370 497 3422 mff.
517 3372 581 3426 cette
604 3375 689 3429 nolitia
708 3375 760 3429 imo
785 3379 811 3429 δι
836 3377 929 3429 tatione
953 3377 979 3428 dc
998 3375 1120 3441 loquendi

243 3431 421 3496 consuetudine,
453 3438 544 3488 Gauro.

1006 3514 1047 3571 29,
1062 3504 1121 3569 Rem
