2318 3914
65 91 78 111 Χ
184 161 192 173 ·
255 130 458 198 ¹¹Irrnrrrt
499 102 815 213 Quantus-
887 128 977 198 42⁶1

94 258 193 303 cemus
207 237 362 311 else,illum
377 239 554 314 negabimus:
573 236 620 298 sed
638 236 703 298 curn
719 241 835 298 alterum
846 240 976 315 percepta

96 321 128 379 δι
143 317 340 394 comprehensa
353 329 450 374 tenere
469 313 641 383 rinternus,
667 317 784 375 alterum
805 334 864 375 non
893 316 995 376 itemst
1011 313 1103 368 videbl·

97 395 220 472 cumque
234 396 333 454 artium
348 392 423 451 aliud
440 391 579 466 ejusmodi
591 409 677 467 genus
691 393 739 461 fit,
753 404 785 452 ut
798 396 1033 452 tantumno-³¹⁰⁸
1042 379 1122 440 ’Μ’

98 466 250 534 ὂὸωίωο,
262 474 328 530 rem'
339 480 433 526 cernat
441 489 451 535 ;
472 462 563 549 aliud„
580 480 613 527 ut
627 469 756 527 moliatur
771 469 872 545 aliquid
886 470 974 528 &sa-

99 550 167 608 ciat:
188 608 191 613 ,
209 568 247 613 uo
263 546 354 607 modo
368 557 416 603 aut
429 557 586 620 geometres
600 561 714 604 cernere
729 563 761 604 ea
776 545 864 621 potest
880 586 889 616 ,
908 565 974 623 quae

98 639 145 685 aut
159 567 233 685 mdia
248 624 328 699 sunt,
348 633 395 679 aut
409 621 555 681 internosci
570 622 585 681 a
602 621 671 681 falsis
692 640 752 680 non
774 619 905 697 potsunt:
926 637 975 684 aut

97 702 138 778 ir,
157 699 320 779 qutfidtbus
340 698 448 767 utitur,
475 697 584 774 explere
606 715 741 757 numeros
773 701 804 758 &
838 699 977 760 conficere

98 780 190 838 versus
207 777 218 835 i
248 774 326 852 quod
340 774 414 833 idem
428 775 456 834 in
480 774 609 834 similibus
624 792 738 852 quoque
752 775 851 835 artibus
866 778 976 835 contin·

98 869 146 932 get
160 877 167 914 ε
190 866 309 930 quarum
323 869 495 928 omneopus
506 851 547 911 'est
561 854 591 910 in
606 853 735 911 faciendo
759 862 845 930 atque
857 853 977 927 agendo.

100 931 182 1007 Quid
197 932 273 988 enim
288 926 340 998 est,
359 927 436 1004 quod
446 940 510 992 »arte
531 928 697 1004 efficipoffit
711 972 721 999 ,
735 929 791 989 >nisi
804 931 851 1000 is,
871 930 918 1006 qui
934 946 976 988 ar·

100 1020 160 1067 tem
179 1006 318 1075 tradabit,
337 1005 423 1063 multa
438 1003 610 1080 perceperit?
862 1011 867 1015 '
1076 1006 1085 1032 '·

141 1078 224 1142 Vtri.
243 1086 276 1141 M
283 1071 417 1141 axius*
437 1081 506 1140 vero
528 1083 661 1140 virtutum
676 1083 801 1158 cognitio
814 1081 973 1152 confirmat,
983 1099 1018 1161 23

101 1161 205 1236 percipi
238 1160 270 1218 δι
293 1157 494 1234 comprehendi
511 1159 603 1216 multa
624 1157 709 1234 pose.
746 1160 775 1218 in
797 1160 894 1236 quibus
914 1160 974 1218 solis

101 1234 185 1296 inesse
199 1237 284 1296 etiam
297 1235 439 1295 scientiam
453 1233 570 1293 dicimus
578 1258 586 1302 ;
609 1253 692 1310 quam
707 1253 759 1293 nor
774 1254 833 1296 non
847 1255 976 1312 compre·
1054 1254 1057 1259 ·

100 1311 268 1372 hensionem
290 1309 380 1371 modo
402 1328 519 1380 rerum,
543 1311 590 1370 sed
612 1329 673 1387 ¹eam
694 1311 998 1391 stabilem,¹quoquex
1015 1327 1112 1391 quoque

99 1402 184 1467 atque
198 1387 403 1449 immutabilem
418 1383 472 1446 esse
488 1386 645 1446 censemus:
666 1389 790 1464 itemque
804 1380 1064 1464 sapientiam,d‘fs‚³¹⁶

100 1479 191 1526 artem
207 1465 338 1535 vivendi,
358 1482 423 1541 quae
438 1462 492 1540 ipsa
507 1482 541 1522 ex
554 1463 607 1522 sese
620 1465 718 1523 habeat
732 1465 921 1526 constantiam.
942 1485 974 1527 ea
982 1444 1043 1493 ‘²⁸¹⁸'
1127 1486 1131 1495 ’

102 1555 200 1602 autem
223 1542 374 1602 constantia
395 1539 416 1600 fi
437 1540 505 1600 nihil
533 1541 631 1600 habeat
652 1544 824 1619 percepti&
853 1545 975 1619 cogniti,
1035 1551 1039 1563 ·

102 1637 220 1694 quaero,
240 1617 315 1679 unde
338 1628 401 1682 nata
422 1615 455 1677 fit
481 1619 511 1675 &
530 1616 708 1694 quomodo?
742 1622 850 1695 Quaero
865 1623 976 1690 etiam,
1020 1622 1044 1670 P·
1059 1623 1087 1669 B·

103 1695 150 1754 ille
165 1697 307 1756 virbonus
323 1736 334 1763 ,
360 1695 408 1769 qui
428 1693 521 1753 statuit
540 1712 659 1754 omnem
674 1697 824 1754 cruciatum
839 1698 984 1772 perferre,

104 1772 269 1833 intolerabili
283 1771 382 1832 dolore
405 1771 517 1842 lacerari
537 1771 628 1848 potius
660 1771 746 1850 quim
762 1785 831 1832 naut
851 1772 999 1843 officium'y
1015 1789 1040 1826 ur
1053 1776 1107 1825 trs.

104 1849 224 1925 prodat,
241 1860 288 1909 aut
303 1848 407 1917 fidem,
425 1865 475 1907 cur
489 1847 598 1907 harfibi
611 1860 669 1908 tam
683 1866 778 1924 graves
799 1849 872 1923 leges
886 1853 979 1926 impo-

102 1926 186 1985 suerit
197 1946 210 1996 ι’,
230 1925 314 1997 cirm,
333 1925 519 2003 quamobrem
533 1927 570 1983 ita
586 1938 750 2000 oporteret,
778 1926 979 1986 nihil'haberet

106 2002 327 2078 comprehensi,
346 2001 486 2077 percepti,
505 2002 628 2076 cogniti,
648 2000 808 2061 constituri?
829 2003 914 2061 Nullo
928 2004 982 2078 igi·

98 2082 151 2137 'tur
165 2080 254 2139 modo
268 2079 327 2139 fieri
338 2078 444 2155 potest,
463 2088 494 2136 ut
507 2079 652 2155 quisquam
672 2080 740 2137 tanti
761 2077 877 2138 aestimet
891 2081 987 2154 aequi-¹

105 2164 193 2214 t'atem
221 2157 252 2215 &
283 2154 395 2224 fidem,
421 2167 453 2214 ut
470 2155 528 2230 ejus
549 2153 745 2215 conservandae
772 2153 851 2215 causa
871 2157 979 2214 nullum

83 2292 84 2297 ,
104 2232 269 2306 supplicium
284 2230 406 2303 recuset,
425 2229 475 2291 nisi
491 2232 522 2297 iis
536 2231 615 2291 rebus
629 2228 742 2291 assensus
756 2230 788 2290 stt
803 2274 813 2303 ,
830 2250 896 2310 quae
907 2234 980 2292 falsae

107 2306 162 2367 effe
177 2328 236 2367 non
251 2305 370 2384 possunt.
904 2336 907 2344 ¹
975 2334 979 2341 ·

147 2383 207 2460 Ipsa
222 2383 289 2445 verb
304 2384 448 2460 sapientia,
468 2383 529 2445 fise
540 2385 696 2460 ignorabit,
714 2385 844 2462 sapientia
857 2384 980 2456 fit,nec—
990 2406 1027 2462 24

105 2479 167 2530 ne;
189 2473 265 2539 ²quo
280 2461 369 2521 modo
390 2461 511 2538 primum
532 2462 668 2521 obtinebit
688 2481 795 2522 nomen
812 2462 953 2538 sapientiae
966 2463 1003 2522 iz
1017 2465 1121 2531 primum

108 2538 211 2599 deinde
224 2556 284 2615 quo
298 2538 387 2603 modo
401 2537 533 2614 suscipere
555 2538 676 2614 aliquam
690 2557 752 2598 rem
783 2553 831 2598 aut
851 2558 930 2616 agere
947 2541 979 2600 ti·
987 2544 1070 2606 sm·

61 2634 71 2659 ¹
108 2615 208 2674 denter
221 2614 348 2684 audebit,
367 2613 433 2674 curn
448 2617 517 2675 certi
530 2615 598 2675 nihil
618 2616 670 2674 erit
690 2658 700 2686 ,
726 2617 803 2691 quod
824 2616 950 2693 sequatur
965 2590 1130 2676 wlff·

109 2692 175 2753 cnm
191 2689 259 2750 verb
274 2691 433 2769 dubitabit,
453 2692 520 2768 quid
542 2705 698 2752 extremum
726 2696 755 2751 δε
776 2694 907 2752 ultimum
928 2695 981 2754 bo·

107 2786 228 2837 norum,
249 2769 393 2843 ignorans,
407 2768 471 2846 ¹qub
486 2771 581 2829 omnia
604 2769 780 2838 referantur,
806 2771 857 2847 qui
877 2773 991 2845 poterit⁴

109 2842 164 2903 effe
177 2842 328 2921 sapientia?
349 2844 444 2921 Atque
458 2847 543 2904 etiam
557 2844 623 2904 illud
636 2845 808 2921 perspicuum
831 2845 892 2914 est,
912 2864 980 2905 con·

108 2920 182 2980 stitui
196 2917 304 2981 necesse
324 2919 377 2980 effe
394 2921 530 2992 initium,
556 2921 635 2998 quod
654 2921 806 2997 sapientia,
826 2921 890 2980 ciam
913 2923 982 2999 quid

110 3015 192 3074 agere
202 2999 334 3073 incipiat,
354 2998 495 3074 sequatur:
516 2996 599 3074 idque
613 2999 723 3057 initium
738 2995 791 3056 else
810 3015 915 3058 naturae
934 3017 982 3059 ac-

111 3076 337 3134 commodatum.
356 3090 421 3132 narn
442 3075 518 3133 aliter
532 3073 664 3150 appetitio
680 3080 754 3141 (earn
770 3078 845 3135 enim
860 3072 913 3136 effe
929 3094 984 3135 vo-

110 3151 203 3211 lumus
218 3150 308 3219 liunt
330 3149 386 3228 qus
399 3149 433 3210 ad
447 3151 586 3228 agendum
601 3150 769 3227 impellimur
795 3155 825 3212 δι
842 3153 874 3214 id
897 3171 982 3230 appe·

110 3230 196 3287 rimus
211 3271 220 3297 ,
240 3228 317 3304 quod
331 3229 368 3288 est
383 3228 489 3298 visum,
509 3229 618 3287 moveri
633 3247 691 3288 non
704 3229 801 3306 potest.
838 3226 841 3235 “

152 3304 224 3364 Illud
237 3319 347 3376 autern,
367 3305 445 3382 quod
460 3317 574 3373 movet,
593 3303 697 3381 pribso
718 3320 791 3367 ortet
812 3305 923 3374 videri,
943 3306 1025 3386 ei-25

111 3399 171 3462 que
186 3381 276 3444 credi:
294 3381 373 3461 quod
391 3381 451 3446 fieri
470 3396 530 3444 non
551 3382 665 3460 potest,
690 3325 716 3444 s
724 3384 777 3455 id,
796 3383 874 3462 quod
894 3383 983 3472 visum

884 3477 888 3495 ¹
917 3473 985 3531 ent,
