2318 3914
233 142 760 211 Lrnnnantrros.
865 164 946 233 2737

68 258 111 329 est
124 260 266 337 disputatio
288 259 383 335 scripta
404 260 576 319 Carneadis:
604 277 689 335 quarn
709 260 736 318 se
757 260 794 319 ait
814 262 842 319 in
865 278 946 320 eorn-

70 333 237 397 trientarium
252 335 378 395 retulisse.
410 336 475 393 curn
490 338 527 394 ita
542 334 663 411 postturn
677 334 761 403 effer,
780 337 867 395 videri
882 339 942 396 fore

68 408 100 471 in
115 414 275 487 aegritudine
288 414 456 487 sapientem,
475 412 559 487 patrii
580 411 681 487 capti:
703 430 768 487 quae
790 414 944 471 Carneades

69 488 166 548 contri
188 488 310 557 dixerit,
336 489 430 563 scripta
452 488 522 547 sunt.
562 488 656 547 Tanta
677 490 759 563 igitur
785 488 943 547 calamitatis

67 565 206 645 praesentis
220 562 363 623 adhibetur
378 564 393 623 a
410 564 573 639 philosopho
588 566 744 632 medicina,
764 576 866 639 quanta
878 566 963 621 cinc
979 564 1002 611 in
1013 564 1079 613 inte·

66 640 199 699 veteratae
220 658 257 698 ne
278 640 442 699 desideratur
460 642 584 717 quidem.
622 659 675 699 nec
696 641 716 699 si
738 641 843 717 aliquot
863 634 1067 735 annsoeff‘t‘i·

65 717 128 792 post
141 717 217 775 idern
233 716 277 774 ille
291 717 358 775 libet
371 718 484 793 captivis
500 714 591 776 misius
605 718 691 785 eslet,
711 717 866 775 vulneribus
879 705 972 774 roe-”⁶
993 726 999 738 ¹

67 790 195 860 deretur,
216 792 453 853 sedcicatricibua.
491 794 588 851 senfim
612 796 688 851 enim
715 794 745 851 &
769 793 941 867 pedetentim
968 810 971 837 ³

68 869 247 945 progrediens
259 881 423 928 extenuatur
436 870 533 929 dolor:
553 876 612 928 iton
633 870 691 946 quo
714 868 766 945 ipsa
782 886 823 925 rcs
837 871 941 927 irnnnr-

66 948 120 1004 tari
133 947 234 1007 soleat,
253 959 301 1005 aut
314 948 394 1020 polilt
401 968 411 1014 ;
432 946 478 1004 sed
493 947 540 1015 id,
550 946 628 1021 quod
641 947 711 1003 ratio
725 946 940 1015 debuer·at,uius

66 1020 170 1089 docet,
191 1023 298 1081 minora
314 1021 368 1082 esic
384 1040 434 1091 ea,
454 1040 519 1098 quae
534 1020 585 1080 irnt
600 1022 653 1081 visa
667 1023 781 1099 majora.

68 1152 73 1175 ἶ
107 1099 214 1157 XXIII.
234 1102 342 1173 Qurn'
364 1098 469 1157 ricco
489 1116 559 1175 opus
572 1099 610 1156 esi
631 1142 641 1167 ‚
667 1099 740 1158 dicct
759 1098 877 1175 aliquis,
896 1116 984 1171 ra·55

64 1176 162 1239 tione,
182 1189 229 1234 aut
242 1176 362 1234 omnino
376 1175 566 1234 consolatione
579 1173 653 1232 dulla
663 1218 672 1244 ,
681 1174 735 1251 qud
748 1175 865 1233 solemus
879 1178 919 1234 uti
930 1220 938 1244 ‚
948 1178 963 1219 ὕ
975 1172 1018 1222 illa

66 1249 133 1309 itum
146 1252 238 1311 levare
251 1252 379 1310 dolorem
393 1254 571 1310 maerentiutn
585 1250 736 1310 volumus?
754 1252 837 1309 elraec
858 1253 933 1311 enim
945 1239 1034 1286 Mun.

65 1326 128 1403 feri,
142 1340 202 1386 tum
218 1328 350 1386 habemus
364 1328 393 1387 in
408 1341 541 1405 promptu
555 1370 563 1395 ,
589 1328 656 1385 niiril
668 1340 797 1402 oportere
809 1330 936 1403 inopina·
945 1298 1021 1412 {JJJJ

64 1414 129 1471 turn
145 1404 240 1462 videti.
259 1403 272 1446 f
276 1405 336 1481 Aut
349 1403 400 1479 qui
413 1402 600 1463 etolerabiliin
615 1405 685 1462 feret
699 1404 914 1463 incommodum
926 1423 958 1472 ,f
971 1426 1016 1470 arr.-

67 1476 141 1555 ¹¹qui
154 1481 333 1556 cognoverit,
353 1478 459 1540 necesse
480 1479 534 1539 elie
546 1480 656 1538 homini
675 1480 728 1538 tale
748 1480 849 1556 aliquid
864 1482 1027 1548 acci-arqui.

66 1554 156 1621 dere?
174 1557 237 1615 haec
251 1559 326 1616 enlm
340 1560 430 1616 oratio
445 1557 480 1615 de
495 1557 549 1632 ipsa
563 1555 670 1614 surnrna
683 1558 747 1616 mali
766 1556 834 1615 nihil
847 1556 936 1616 detra·
978 1554 1001 1597 Ρ·
1024 1554 1050 1597 Β·

64 1633 125 1691 itit:
145 1633 344 1693 tantummodo
359 1634 453 1702 affert,
472 1633 540 1692 nihil
553 1631 690 1703 evenisse,
709 1632 786 1709 quod
801 1650 859 1691 non
875 1612 1087 1723 opi-guffim'
1106 1643 1111 1659 ¹

67 1708 192 1768 nandum
208 1708 305 1769 suillet.
324 1728 417 1786 neque
430 1723 524 1767 tamen
540 1725 626 1783 genua
639 1709 667 1768 id
682 1710 813 1769 orationis
827 1710 855 1767 in
864 1727 933 1769 con·
946 1741 1020 1786 tamt.
1030 1692 1053 1735 ³⁸

64 1781 181 1844 solando
195 1804 255 1844 non
268 1786 363 1843 valet:
392 1785 437 1842 sed
459 1785 487 1843 id
504 1784 578 1843 haud
605 1782 688 1843 iciam
714 1802 750 1844 an
776 1786 961 1861 pltrrimurp.h
978 1800 1053 1863 quam

65 1877 136 1939 ergo
150 1861 195 1919 iiia
211 1862 388 1935 nec-opinata
403 1879 462 1919 non
475 1860 577 1919 habent
590 1871 695 1919 tantam
710 1862 768 1919 vim
784 1904 793 1927 ‚
812 1872 843 1919 ut
857 1864 935 1937 aegri·
944 1865 986 1925 qui
1000 1868 1050 1915 MS.

65 1934 140 1993 tudo
155 1954 189 1995 ex
205 1937 246 1994 his
260 1938 352 1995 omnis
365 1937 475 1999 orIatur.
513 1932 630 1994 iferiunt
651 1935 857 1995 enim·i0rtasle
876 1947 955 2012 gra-i
969 1948 1014 1997 tere
1032 1944 1087 2001 ute

65 2009 145 2069 vius:
165 2022 191 2065 9¹
202 2030 261 2071 non
274 2013 304 2071 id
317 2012 457 2079 efficiunt,
477 2024 508 2071 ut
521 2030 572 2081 ea,
591 2014 656 2087 quae
669 1994 811 2081 accidant,
831 2017 942 2089 majora

64 2087 228 2156 videantun
249 2098 278 2143 9Ζ
287 2090 352 2165 quia
366 2089 486 2149 recentia
500 2088 580 2159 sunt,-
599 2088 705 2165 majora
720 2088 865 2159 videntur,
878 2108 938 2149 non

68 2164 136 2241 quia
150 2166 300 2243 repentina.
880 2241 909 2301 D

911 2260 941 2301 u-

102 2419 139 2458 91.
156 2410 203 2453 Non
213 2407 237 2453 id
252 2404 359 2467 efficiunt,
374 2406 399 2454 ut
409 2422 452 2463 ea,
467 2401 512 2473 que
527 2400 642 2465 accidant,
657 2406 741 2471 maiora
753 2410 804 2468 fint.
835 2408 940 2455 videnter

68 2472 124 2530 qnia
138 2472 229 2515 recentia
239 2470 310 2529 fient,
323 2487 366 2527 nea
380 2474 434 2532 qaia
443 2477 532 2533 repent.)
559 2470 598 2525 ‚sit
619 2470 682 2521 hunc
698 2473 778 2522 locum
792 2469 918 2521 emendavi
930 2505 939 2523 ‚

68 2530 156 2592 partim
166 2530 302 2589 coniectari
311 2530 407 2597 dusius,
423 2535 510 2597 partim
520 2532 633 2584 librorum
645 2540 711 2585 MSS.
722 2536 887 2585 auctoritatem
903 2531 941 2581 se·

70 2605 151 2647 cutus,
168 2593 193 2640 in
204 2593 288 2655 quibus
298 2610 349 2643 non
364 2594 417 2644 sunt
436 2594 502 2653 haec,
518 2610 570 2659 qua
589 2598 733 2661 reperiuntur
752 2601 778 2647 in
796 2594 939 2659 quibusdam

68 2655 150 2716 vuigg.
161 2658 245 2714 majora
254 2658 370 2711 videnter,
386 2655 437 2718 post
451 2659 506 2719 ilia,
521 2665 611 2706 recentia
616 2662 676 2721 sunt.
708 2659 822 2711 sententia
832 2659 882 2707 lrcec
891 2658 938 2712 eii.
1018 2669 1021 2675 '

68 2714 113 2767 ista
125 2719 274 2779 necopinata
286 2734 336 2768 non
346 2719 464 2776 efficiunt,
478 2734 504 2769 ut
515 2724 607 2779 maiora
622 2722 676 2775 sint.
709 2722 817 2779 videntne
832 2723 939 2777 maiora,

70 2779 128 2840 qula
139 2776 189 2827 sunt
208 2783 329 2838 recentia,
343 2798 394 2831 non
411 2784 467 2846 quia
479 2786 608 2847 repentina.
624 2785 746 2838 Turnebus
762 2782 814 2846 posi
833 2783 939 2843 nostram

67 2843 174 2914 priorem
184 2842 306 2893 Ciceronis
314 2844 459 2906 editionem,
474 2844 563 2895 secutus
573 2848 668 2910 aliquos
681 2847 755 2898 libros
764 2840 893 2906 antiquos,
910 2848 936 2895 itt

88 2902 156 2953 uibus
168 2903 216 2952 hacc
227 2905 296 2955 rerba
305 2906 388 2957 iterata
397 2906 459 2964 sunt,
476 2914 561 2968 majora
570 2913 686 2966 videritne,
701 2912 734 2958 ira
744 2911 840 2969 coniicit
852 2911 935 2970 legen·

87 2982 146 3023 um,
160 2966 246 3017 eidem
257 2966 385 3027 septenni,
401 2968 440 3031 sed
451 2986 501 3019 noa
511 2973 544 3021 ita
553 2973 678 3023 concinne.
696 2990 737 3021 non
746 2973 770 3019 id
785 2972 877 3031 efficium
890 3005 897 3025 ,
910 2982 938 3019 ac

66 3048 107 3087 ea,
123 3046 169 3093 qtae
178 3032 296 3085 accidant,
309 3036 392 3091 majera
399 3034 459 3091 star,
473 3037 526 3096 qaia
536 3038 627 3082 recentia
635 3036 687 3094 sunt
699 3067 708 3090 ,
722 3039 805 3095 majora
820 3035 937 3088 videntur,

68 3111 110 3140 aaa
124 3097 179 3157 qaia
194 3097 309 3157 repentina.
331 3109 376 3142 nos
385 3093 495 3151 brevius.
511 3099 612 3145 videntur
623 3102 699 3159 ,Nquia
713 3101 804 3145 recentia
813 3098 881 3157 sans,
898 3114 939 3147 nera

69 3158 207 3265 {cisalpina
224 3172 273 3209 vox
284 3160 368 3218 majore
378 3159 516 3209 concinnius
527 3157 707 3225 subintelligitur
717 3166 790 3224 quarn
796 3158 939 3208 adscribitur.
981 3159 989 3167 ”

93 3234 170 3269 4111111.

104 3297 141 3331 92.
156 3284 220 3344 Qia
234 3288 326 3333 recentia
344 3286 406 3349 sant,
422 3275 463 3331 riui
491 3278 674 3349 iliadepeutr'erad
704 3291 741 3335 lta
758 3282 941 3335 Vidiodutcitm
1008 3285 1012 3293 “

69 3342 205 3394 Fabrlirlr.
217 3348 274 3399 Pali.
284 3360 337 3398 tert.
350 3349 427 3410 duint.
439 3300 514 3396 senius
524 3346 576 3396 este
594 3351 685 3397 malum
699 3363 778 3397 recena
789 3364 838 3396 non
850 3349 943 3396 videtur

68 3408 164 3470 gravius
173 3407 324 3467 inveterato,
339 3413 395 3473 quia
411 3425 511 3465 recensa
532 3410 570 3459 sed
583 3414 638 3474 qula
658 3426 741 3474 repens
766 3415 791 3461 δι
802 3413 944 3474 net-opina·

67 3482 122 3522 turn
138 3469 236 3525 ridetur.
252 3472 356 3527 Tutncb.
372 3484 458 3529 'tamen
469 3473 560 3527 uberius
572 3473 618 3521 lroc
628 3472 717 3525 modu:
732 3480 786 3542 qaia
795 3478 885 3525 recentia
891 3472 948 3532 sart.

449 3544 656 3588 Nonacrinae
897 3549 946 3584 era·
