2318 3914
259 143 449 207 [trouu
490 134 741 201 Prinos:
880 143 962 210 2559

126 230 165 304 ῘΙ.
185 243 284 303 Surb
305 257 451 299 torruit
475 237 602 297 inosttis
615 243 710 313 poe'tae
723 237 770 297 tel
790 235 896 313 cogniti
909 229 961 292 vel

82 323 197 397 recepti.
235 324 416 397 Quamquam
432 315 469 373 est
483 317 536 373 7in
551 315 726 390 Originibus,
744 314 837 372 solitos
851 309 904 371 elle
921 311 952 399 iu

83 400 172 472 epulis
185 415 282 456 canere
295 397 428 453 convivas
442 391 477 450 acl
490 392 632 449 tibicinem
654 389 690 449 de
711 389 845 448 clarorum
859 390 954 448 homi-

83 491 156 531 num
172 474 320 532 virtutibus.
340 472 480 527 honorem
494 480 591 526 tamen
604 467 670 525 huic
683 469 778 542 generi
791 484 849 525 non
875 462 952 523 luiffe

83 549 203 608 declarat
216 551 306 607 oratio
321 547 452 614 Catonis,
472 544 501 602 in
516 562 570 621 qua
585 544 687 619 objecit
708 582 718 613 ,
742 554 775 601 ut
794 542 926 617 probrum
941 584 951 611 ,

82 626 156 682 ιιΜ.
171 625 326 690 Nobiliori,
345 621 423 698 quod
436 621 499 679 isin
519 620 692 695 provinciam
713 624 809 694 po'e'tas
828 613 986 677 duxili‘et.¹²²
1000 622 1056 695 «llll

82 701 198 760 duxerat
211 714 305 759 autem
322 698 415 756 consul
430 697 474 754 ille
488 697 517 755 in
531 695 685 762 AEtoliam,
705 707 737 754 ut
750 695 849 753 scimus
864 737 873 763 ,
892 678 1056 783 Etr-Mm-

82 778 172 837 nium.
229 777 298 853 Qub
312 776 402 833 minus
416 774 517 848 rigitur
531 772 645 831 honoris
660 783 717 830 etat
729 772 835 847 poetis,
854 789 891 830 eo
898 788 951 830 mt-
961 803 978 836 n
992 792 1037 842 olo·

81 870 152 912 notu
167 853 252 911 lludia
267 854 386 910 fuerunt.
424 848 497 908 ⁸nec
510 862 623 916 tamen,
642 846 709 922 liqui
723 848 828 924 magnis
835 848 951 922 ingeniis
959 864 1039 918 ergo„

80 930 109 987 in
125 949 161 988 eo
176 947 278 1004 genere
301 927 481 995 exstiterunt,
507 943 566 984 non
587 925 646 983 latit
668 924 834 983 Graecorum
853 924 951 1000 glotiae

81 1005 289 1081 responderunt,

120 1082 169 1139 An
184 1082 341 1150 censemus,
361 1078 518 1149 fi⁰Fabio,
536 1077 701 1137 nobiliffimo
716 1076 826 1135 homini
841 1119 851 1147 ,
875 1076 976 1161 laudi4

80 1157 178 1216 dutum
193 1156 274 1229 effer,
293 1157 370 1234 quod
384 1158 523 1232 pingeret,
542 1164 623 1212 9non
645 1154 747 1213 multos
769 1153 852 1212 etiam
873 1157 972 1229 apudo
989 1168 1074 1218 Marco

80 1252 134 1292 nos
153 1236 257 1294 futuros
282 1235 473 1310 ¹0Polycletos
499 1234 528 1291 ὃς
548 1230 698 1291 Parrhasios
719 1227 824 1289 tuille?
843 1231 946 1291 Honos
957 1231 1011 1280 MS.

899 1308 946 1369 alit

24 1470 29 1509 ·'
111 1488 134 1531 7.
150 1480 176 1522 ln
189 1476 329 1538 Originibus]
359 1475 450 1525 scilicet
463 1474 538 1525 Porcii
548 1476 666 1533 Cltonls,
682 1474 713 1525 de
723 1473 806 1539 quibus
815 1474 945 1526 lolumlni·

24 1539 32 1599 '3
76 1533 120 1583 bus
131 1538 179 1586 hac
190 1540 240 1587 Cic.
253 1541 276 1586 in
287 1544 323 1589 Bt.
341 1539 394 1598 Jam
403 1558 454 1587 vero
468 1543 564 1602 Origines
577 1542 661 1587 rotonis
671 1556 734 1613 quem
742 1540 819 1599 florem
833 1553 871 1585 aut
886 1542 945 1604 quod

29 1618 33 1637 ι
74 1604 149 1646 lunen
159 1604 277 1663 eloquentia
289 1621 328 1649 non
338 1604 411 1650 nolent
422 1610 433 1648 r
450 1602 517 1652 ldem
527 1617 585 1651 mox
595 1601 667 1666 paulo
677 1619 702 1650 m
712 1602 773 1652 banc
784 1601 924 1652 sententiam
935 1616 944 1650 ε

74 1666 171 1708 vtinam
183 1665 284 1723 exstarent
293 1669 334 1713 illo
346 1669 460 1723 carmina,
476 1683 521 1730 quo
532 1666 689 1727 multirsocstlr's
698 1668 816 1727 arrestum
827 1679 909 1713 atatem
919 1668 945 1713 r'n

75 1727 147 1786 'epulis
156 1728 193 1785 mse
202 1731 306 1775 continno
316 1731 331 1775 ὰ
343 1730 431 1791 lingulis
442 1732 541 1776 convivis
551 1731 592 1778 oit.
625 1735 660 1775 De
672 1730 777 1776 clarorum
788 1732 886 1776 virorum
893 1731 945 1777 lats·

73 1788 139 1833 dilus
154 1794 177 1834 in
194 1794 316 1853 Originibus
327 1793 431 1855 scriptum
445 1793 536 1855 reliquit
557 1794 615 1841 lato,
646 1792 801 1854 scriptionem
816 1792 945 1855 Originum

73 1863 143 1898 taxat
154 1852 230 1900 Festus
243 1856 366 1917 Pompeius
377 1869 491 1916 tanquam
508 1855 637 1910 mutilam,
652 1867 706 1902 cum
717 1854 749 1903 ait
763 1870 770 1900 t
787 1858 899 1915 Originum
914 1858 945 1903 to·-

71 1914 120 1959 loos
130 1914 187 1977 quid
198 1918 298 1979 inscripfit
310 1925 371 1973 coro,
381 1935 421 1963 non
428 1917 484 1976 sotis
490 1919 575 1980 plenum
589 1919 680 1963 titulum
690 1916 789 1980 propofiri
803 1918 841 1976 soi
856 1920 945 1966 videtur

71 1979 197 2088 amplexltgsg
213 1983 296 2043 quondo
302 1992 437 2044 progravant
446 1995 486 2037 ea,
497 1996 541 2044 qno
547 1981 600 2040 sunt
610 1995 681 2029 rerum
687 1979 792 2043 gestorum
799 1983 944 2047 populillom.

75 2043 152 2088 lleron
181 2057 213 2088 us.

108 2111 130 2151 t.
147 2110 191 2151 Noc
199 2118 269 2151 umen
281 2138 288 2159 ,
300 2106 321 2162 st
331 2108 371 2170 qut¹
381 2108 464 2168 magnis
474 2106 564 2167 ingeniis
575 2106 599 2152 in
608 2122 630 2152 eo
638 2110 729 2169 genero]
752 2105 821 2155 Haud
832 2104 943 2170 spernen-

73 2164 149 2221 dum,
165 2167 230 2227 quod
249 2168 322 2224 inlicit
339 2168 414 2217 vatic.
434 2175 477 2215 Noc
486 2168 613 2226 umenfic,
628 2172 668 2232 qui
677 2184 746 2228 mogo.
760 2169 877 2230 adjuturi
891 2170 942 2221 rat.

72 2227 169 2277 secund.
181 2232 222 2292 qul
233 2230 336 2293 paulluld
348 2231 493 2286 mutatione,
514 2238 562 2279 Non
576 2245 645 2279 tomen
654 2231 696 2290 fic,
711 2236 751 2296 qui
759 2232 804 2284 &u
821 2232 941 2282 Gebhard.

104 2307 127 2344 9.
144 2300 191 2339 Non
200 2296 277 2340 multos
288 2297 354 2340 en'om
363 2297 420 2357 opud
435 2312 470 2340 nos
482 2293 571 2353 futuros
586 2297 708 2357 Polygnotos
725 2296 782 2354 lna]
811 2297 848 2344 Sic
859 2297 942 2358 legen-

71 2352 144 2410 dum,
159 2355 223 2403 libris
233 2357 261 2402 iis
273 2358 367 2414 invitis,
382 2359 424 2419 qui
438 2355 525 2406 habent
537 2391 544 2413 ,
556 2357 644 2416 futuros
660 2360 775 2416 Polycletor
796 2360 840 2410 (rc.
874 2364 941 2409 Nam

70 2419 205 2528 ΙὲοΙγεΙειιιε
216 2418 260 2466 fuit
275 2419 401 2469 statuarum
411 2420 495 2476 fluor,
510 2420 656 2485 Polygnotus
670 2420 759 2485 pilton,
774 2433 799 2469 ut
811 2423 942 2474 &Parrba-

96 2496 129 2529 us.
163 2484 261 2529 lontio.

105 2558 143 2592 to.
160 2545 273 2600 Polyclitos
288 2545 314 2595 dl*
331 2544 472 2603 Parrhafios.]
502 2544 641 2609 Polycleton
658 2542 726 2593 fuiffe
736 2544 843 2597 nobilem
853 2547 942 2600 statua·

68 2605 132 2654 rium
145 2603 248 2661 scimus,
278 2607 391 2668 pistorem
407 2608 452 2655 hoc
463 2609 561 2657 nomine
570 2605 687 2656 celebrem
704 2609 825 2658 neminem
842 2616 941 2676 compe·

24 2694 28 2699 -
69 2669 152 2717 rimus.
185 2675 263 2729 Quare
272 2669 310 2716 vel
321 2682 436 2718 mutatam
447 2673 480 2720 ita
491 2671 626 2734 scripturum
635 2668 650 2718 b
659 2670 757 2719 librariis
767 2672 797 2721 tle
808 2678 919 2736 Polygnoto
931 2709 940 2731 ,

70 2732 108 2776 vel
122 2729 168 2777 ess'e
179 2738 311 2786 μνημονικὸν
321 2733 463 2791 donintona,
478 2733 517 2781 vel
527 2731 604 2782 nescio
615 2732 672 2794 quid
688 2733 800 2784 dicemus.
832 2742 940 2788 camerari.

69 2796 136 2840 Cum
159 2792 189 2839 de
208 2792 310 2855 patribus
330 2794 458 2857 loquatur,
490 2796 596 2852 malim,
621 2802 647 2844 ut
667 2795 699 2845 est
720 2796 744 2843 ln
771 2796 871 2861 antiquo
895 2800 938 2850 lib'.

69 2859 193 2918 Polygnotos
215 2857 240 2907 (φ
260 2858 403 2915 Parrhaestos3
441 2872 498 2907 narn
523 2858 670 2921 Polycletum
689 2857 824 2908 statuarium
844 2863 940 2923 ignorat

70 2933 151 2968 nemo.
186 2920 345 2983 Polygnotum
366 2933 463 2976 nutem,
484 2922 574 2984 pluunt
584 2922 686 2976 clarum,
704 2922 790 2969 Cicero
803 2922 851 2985 ipse
865 2925 890 2970 in
901 2928 940 2975 Er.

70 2982 181 3038 Plinius,
218 2981 414 3043 quintillianus,
443 2984 601 3039 Plutarchus,
634 2985 761 3038 AElianus,
795 2985 941 3045 Pausanias,

70 3045 208 3093 Aristoteles
223 3046 297 3092 etiam
313 3045 337 3091 in
353 3051 412 3093 Arte
428 3048 495 3096 Po'e't.
512 3048 629 3095 nominat.
651 3051 677 3097 P.
689 3050 776 3095 Monor.
808 3050 874 3097 Licet
886 3052 942 3097 Po*-

71 3106 171 3167 lyclerus
194 3108 209 3156 ὲ
235 3106 353 3169 plerisque
371 3107 518 3171 striptotibus
537 3109 569 3157 ob
591 3121 667 3157 artem
686 3108 818 3159 statuariam
840 3110 944 3161 celebre·

70 3181 123 3225 tut,
138 3182 218 3219 ttmeo
234 3172 260 3219 δι
277 3169 366 3233 pilioni
382 3169 426 3219 fuit
442 3172 526 3220 elatus.
552 3170 694 3220 'Scholiastes
708 3173 806 3221 Luciani
816 3175 840 3223 in
855 3174 942 3228 Philofi

71 3234 144 3279 Tum.
166 3246 198 3283 rt.
232 3247 286 3298 pag.
310 3250 346 3292 35.
384 3234 476 3286 sooooolo
500 3234 510 3281 o'
542 3237 727 3292 Hannonem,
759 3227 832 3295 o‘o‘onn
863 3236 902 3286 noi
928 3238 940 3287 l

68 3292 208 3357 Proprium,
238 3316 276 3344 unt
293 3300 339 3347 πὼς
359 3295 553 3357 α’γωλμειτοππός
574 3298 606 3343 stit
626 3297 772 3358 onlnem,
807 3300 937 3362 θαυμίξὸ.

68 3363 101 3405 At
120 3356 228 3413 miranda
243 3357 320 3420 potius
338 3358 371 3407 est
387 3359 488 3407 Gtzculi
503 3358 642 3422 imperitia,
667 3361 708 3422 qui
724 3362 872 3425 Polycletum
886 3366 938 3427 plu·

67 3419 118 3469 lton
129 3421 201 3467 etiam
213 3418 281 3469 fuill'e
291 3424 421 3487 ignoravit,
438 3438 492 3471 curn
510 3421 534 3469 ld
549 3437 598 3469 uno
614 3436 655 3470 ote
670 3423 789 3475 tradiderit
799 3429 938 3491 antiquitas.

65 3482 169 3536 Sedboc
180 3483 316 3543 mittamus,
331 3488 357 3537 tn
368 3483 434 3552 quod
445 3486 559 3598 vollimffi
573 3483 719 3598 ‘testimoniis
739 3489 868 3541 firmemus.
900 3495 938 3537 rtn

446 3554 463 3597 P
879 3566 938 3615 ergo
