2318 3914
248 121 436 188 Lrunn
478 117 757 213 Parnon·
825 128 991 208 ⁸2359.

103 232 169 292 Xll.
187 230 237 291 Ex
248 250 295 289 ru
304 249 320 288 a
330 249 351 289 u
360 250 379 287 u
389 239 519 289 arautem
534 225 587 286 effe
600 230 738 288 bonorum
753 229 925 305 voluptatem
936 232 973 288 40

63 328 102 368 err
129 311 185 367 boc
212 307 290 367 facile
319 306 431 383 perspici
457 305 553 381 potest.
591 306 784 364 constituamus
804 308 927 383 aliquem

65 386 188 460 magnis,
207 384 299 443 multis
313 426 322 451 ‚
341 384 477 458 perpetuis
491 383 680 441 fruentem&
694 383 789 440 animo
821 386 851 440 dc
865 401 928 441 cot·

65 479 136 536 pore
150 461 331 536 voluptatibus
348 501 356 526 ‚
375 458 452 517 nullo
473 457 571 516 dolore
591 475 643 516 nec
663 458 854 533 impediente,
874 477 927 519 nec

65 537 269 612 impendente:
309 552 394 610 quem
414 535 526 592 tandem
548 535 603 592 h'oc
622 533 690 592 statu
706 534 928 650 'prestabiliorem

51 627 115 674 aut
130 614 215 689 magis
237 611 423 687 expetendum
444 608 584 684 possirmus
600 609 712 668 dicere.
755 609 839 669 iness'e
852 613 927 671 enim

64 687 174 753 neceiie
188 689 225 748 est
239 690 267 747 in
282 705 337 756 eo,
356 688 423 763 ⁰qui
443 687 480 744 ita
501 687 532 745 fit
552 685 688 755 effeetus,
716 687 746 745 &
772 687 953 747 firmitatemo
967 708 1026 758 quae.
1108 674 1114 693 ⁸

66 766 172 834 animi,
191 782 243 823 nec
259 777 397 832 mortem,
417 780 470 821 nec
483 763 609 821 dolorem
623 759 990 837 timentis,quddmorss²tt·
1004 776 1063 807 voca
1112 794 1115 805 ·

66 839 144 899 sensu
159 832 264 898 ca'reat:
285 839 365 899 dolor
378 840 407 898 in
419 840 618 916 longinquitate
644 840 710 897 levis
725 859 732 897 ε
771 842 800 898 irr
814 823 1022 914 gravio-Mam

65 928 95 974 te
121 904 210 975 brevis
235 916 318 979 soleat
333 913 401 974 effe:
422 928 452 974 ut
472 918 530 991 ejus
551 915 769 992 magnitudinem
791 885 1021 998 celeritasfgfffl'

69 992 279 1051 diuturnitatem
292 991 417 1051 allevatio
432 993 596 1053 consoletur.

109 1068 157 1127 Ad
170 1086 202 1127 ea
217 1068 280 1127 curn
295 1068 416 1136 accedit,
436 1080 467 1125 ut
489 1086 581 1145 neque
600 1067 723 1126 divinum
746 1087 851 1139 numen
866 1069 973 1144 hor-4i

70 1156 227 1214 reat‚t>nec
238 1147 383 1221 praeteritas
396 1145 550 1218 voluptates
565 1143 677 1202 effluere
683 1147 814 1221 patiatur,
823 1162 932 1205 earum·
978 1151 1044 1225 ⁹2⁸·

70 1239 128 1298 que
140 1221 238 1282 affidua
253 1221 443 1287 recordatione
456 1221 578 1279 laetetut:
599 1221 664 1298 quid
684 1222 721 1279 est
738 1264 746 1291 ,
766 1223 843 1298 quod
856 1225 955 1281 ahucP
969 1215 1012 1258 ⁶¹¹·

71 1297 168 1373 potiit,
187 1297 264 1374 quod
278 1299 374 1356 melius
393 1296 442 1366 fit,
461 1297 637 1355 ‘accederei
658 1298 750 1356 Statue
770 1298 866 1358 contr'a
886 1287 1025 1386 ali-”⁶2⁰4

65 1382 158 1451 'quem
173 1373 334 1433 confedum
357 1374 437 1432 tantis
465 1373 551 1431 animi
581 1375 758 1450 corporisque
777 1351 1028 1449 doloribus‚{¹1.·,·‚⁰²⁶

71 1450 167 1530 quanti
187 1451 373 1508 inhominem
396 1450 511 1508 maximi
531 1449 627 1508 cadere
646 1449 778 1526 potiunt,
797 1452 869 1510 nulla
887 1452 952 1527 sper
964 1459 1069 1511 accidere

72 1525 234 1604 proposrta,
260 1527 321 1584 fore
341 1524 428 1595 levius
450 1525 639 1602 ⁸aiiquando,
666 1528 780 1591 ‚senuna
800 1526 981 1603 praetereait'd·
1001 1587 1007 1598 ,

72 1619 127 1662 nec
140 1603 281 1677 praesenti,
300 1620 353 1661 nec
368 1601 518 1678 exspedata
533 1600 696 1676 voluptate:
716 1604 783 1679 quid
798 1607 833 1662 eo
853 1605 907 1663 mis
919 1603 952 1647 -⁵
976 1587 1086 1699 3¹4¹}qu

74 1681 129 1738 rius
151 1677 206 1736 dici
229 1692 274 1741 aut
288 1677 353 1754 fingi
367 1677 475 1755 potest?
496 1677 584 1753 Quod
598 1678 618 1736 fi
632 1679 687 1737 vita
700 1679 838 1739 doloribus
852 1664 971 1739 refer-¹⁰
1028 1659 1054 1699 ὁ·

74 1766 103 1814 ta
136 1755 258 1812 maxime
291 1756 420 1831 fugienda
440 1754 501 1823 est,
525 1755 664 1812 summum
686 1755 813 1830 protetio
826 1758 937 1833 ⁴malunt
962 1768 967 1808 ἰ

74 1831 114 1890 est
140 1833 233 1889 vivere
255 1849 320 1889 cum
351 1831 457 1895 dolore.
496 1831 542 1889 cui
562 1831 703 1888 sententiae
722 1833 937 1894 consentaneum
1015 1848 1018 1857 ’

74 1906 130 1974 est,
150 1907 278 1965 ultimum
294 1904 347 1965 effe
360 1907 497 1966 bonorum
512 1923 576 1964 curn
590 1908 730 1981 voluptate
744 1911 847 1967 vivere.
884 1928 937 1969 nec

74 1985 152 2053 enim
182 1982 263 2040 habet
290 1983 378 2041 nostra
399 1999 476 2041 mens
496 1982 686 2058 tquidquam,
713 1984 759 2043 ubi
788 1984 912 2045 consistat
927 1999 956 2056 ‚t
972 1985 1036 2062 aliud

74 2073 221 2135 tamquam
234 2059 264 2117 in
277 2070 417 2117 extremo:
438 2076 591 2135 omnesque
606 2060 635 2116 δι
650 2070 762 2130 mettas,
782 2062 813 2120 &
826 2047 1089 2137 sagittatam-⁴³⁸⁶·

73 2135 154 2194 dines
168 2135 202 2194 ad
214 2134 341 2193 dolorem
355 2135 523 2193 referuntur:
543 2151 596 2193 nec
610 2148 741 2210 praeterea
754 2136 792 2196 est
813 2155 854 2196 res
868 2138 939 2210 ulla,
1013 2156 1022 2194 r

75 2212 181 2291 ⁶0quae
200 2209 246 2273 sud
271 2208 366 2273 naturai
384 2223 431 2272 aut
450 2210 591 2271 sollicitare
612 2210 714 2287 possit,
757 2226 805 2273 aur
831 2231 942 2289 angere.
979 2240 982 2245 ·
1072 2236 1074 2241 ·

778 2369 781 2374 Ι
869 2292 943 2351 Prae·

112 2519 148 2563 59.
165 2504 234 2551 Nulla
244 2516 343 2566 precem
357 2522 393 2553 m
404 2506 519 2566 presenti,
534 2482 832 2571 meantime-voluptate]
848 2511 943 2559 Moneo

77 2567 211 2622 lebetem,
222 2582 251 2616 ex
268 2568 365 2633 ingenio
379 2567 507 2630 repotirum
528 2567 541 2616 a
557 2582 616 2625 me,
633 2582 747 2631 praterea,
762 2586 812 2680 pro
824 2575 947 2635 preterire,

77 2629 146 2692 quod
157 2633 204 2678 erait
214 2629 240 2677 in
256 2628 365 2679 omnibus
380 2629 460 2687 libris,
477 2645 538 2692 quos
554 2629 651 2694 quidem
674 2647 720 2695 ego
738 2633 760 2681 vi
778 2634 843 2684 erim.
876 2640 946 2683 Hanc

78 2693 142 2745 mibi
154 2694 238 2740 Cicero
248 2692 312 2757 ipse,
327 2707 377 2756 quo
390 2694 445 2742 ioco
455 2694 516 2742 infra
530 2699 654 2756 Torquato
664 2696 802 2759 teipondet,
819 2698 947 2745 correbtio-

77 2770 138 2805 nem
150 2754 269 2813 ostendit,
285 2756 348 2812 cuius
365 2757 434 2805 verba
449 2753 571 2806 recitabo:
589 2763 626 2804 „Aa
642 2774 707 2822 quam
718 2793 725 2815 ‚
735 2760 820 2823 ‘inquit
838 2759 899 2808 libro
911 2774 945 2811 11.

72 2817 166 2883 pulchre'
181 2816 250 2870 dicere
265 2819 382 2874 ambare,
398 2837 446 2867 cum
462 2837 487 2866 ex
504 2824 572 2866 altera
586 2831 645 2883 pam
661 2823 748 2883 penebat
761 2823 893 2869 cumulatum
902 2823 949 2869 ali-

75 2882 252 2946 quamplurimis
261 2883 288 2934 ὁ·
300 2884 403 2929 maximis
413 2884 571 2944 voluptatibus,
586 2885 645 2929 nullo
656 2900 691 2928 nec
698 2884 794 2946 presenti
805 2917 813 2942 ,
827 2901 863 2931 mc
868 2885 946 2943 future

77 2947 166 2999 dolore,
180 2961 208 2991 ex
220 2947 289 2991 altera
305 2959 375 2991 autem
389 2947 517 2992 cruciatibus
533 2948 636 2991 maximis
658 2958 700 2991 teto
717 2959 814 3009 corpore,
834 2951 895 2994 nulla
909 2964 946 2996 nee

77 3008 195 3070 adjuntta,
210 3024 246 3054 nec
249 3007 336 3071 sperata
346 3008 460 3069 voluptate.
495 3011 621 3056 P.Manut.
931 3056 934 3061 ,

110 3079 149 3119 6ο.
165 3071 219 3135 Qu
226 3071 269 3131 fua
278 3082 356 3117 natura
366 3083 404 3115 aut
411 3072 529 3131 sollicitare
537 3070 604 3131 ροβε,
615 3069 799 3131 autangcre.]1ist
810 3069 946 3121 Historia·

80 3147 127 3189 ηις
151 3134 188 3181 eui
202 3130 312 3207 proxime
326 3131 433 3181 alludunt
444 3134 501 3181 Pali.
512 3134 631 3196 quinque,
646 3132 670 3178 in
682 3132 764 3195 quibus
773 3146 862 3195 tangere.
878 3134 945 3198 quod
1045 3166 1047 3170 ψ

82 3197 108 3244 &
120 3196 144 3242 iu
154 3193 194 3250 suo
204 3209 327 3245 inventurn
340 3194 452 3259 probabat
463 3194 582 3259 Scaliger,
598 3196 687 3242 dibturrr
699 3208 724 3244 ut
735 3199 857 3253 Lucretio,
873 3201 945 3260 taqgi·

82 3270 121 3306 tur
129 3261 172 3308 ira.
187 3260 277 3326 vulgati
287 3273 368 3308 tamen
379 3258 491 3322 frangere,
505 3255 570 3321 quod
580 3256 708 3309 Lambinus
719 3260 826 3316 retinuit,
842 3258 880 3308 sed
891 3275 945 3309 mu·
1017 3316 1019 3320 ,
1083 3262 1085 3267 ’

82 3320 142 3369 tavit
152 3321 228 3383 priora
237 3324 359 3386 iuquaesua
365 3324 522 3384 sedendum»
531 3322 626 3379 auesotl.
643 3320 703 3378 fide,
718 3323 809 3385 inquit,
827 3322 946 3372 membra·

81 3396 173 3432 narum.
194 3385 232 3433 tire
248 3385 327 3436 credo.
350 3403 402 3434 eure
414 3400 478 3449 arque
493 3388 577 3448 angoris
588 3382 661 3437 rursus
675 3387 785 3437 meminit
795 3386 873 3437 noster
884 3384 946 3437 infra

80 3459 179 3513 capis.
196 3447 347 3503 circafiuem.
376 3452 465 3502 Gneo.
863 3518 877 3559 ⁶
917 3513 948 3561 Β

403 3541 407 3550 ·
880 3523 901 3560 ι.
