2318 3914
199 172 290 232 2452
412 151 474 213 Dr
494 118 585 213 Fru.
604 150 704 215 Borr.
725 166 777 215 rr
798 148 919 243 Mna.

210 260 277 317 vitia
293 256 428 316 crescere:
449 272 573 317 attamen
587 271 738 335 utrumque
752 275 851 317 corum
867 257 950 318 fundi
962 257 1089 337 quodam

164 352 203 425 '49
211 335 300 409 modo
327 336 360 403 δι,
376 333 453 411 quafi
471 334 576 393 dilatari
588 347 694 412 putant.
733 335 851 393 Divitias
864 350 961 395 autem
982 336 1090 411 Dioge-

210 430 261 471 nes
275 411 367 470 censet
381 429 442 471 non
457 428 521 470 eam
535 411 626 470 modo
640 413 700 470 vim
713 411 813 469 habere
830 453 839 479 ‚
865 424 898 470 ut
913 410 994 488 quast
1007 412 1091 480 ducet

210 488 264 547 fint
283 488 319 547 ad
349 488 523 563 voluptatem
563 487 650 548 &ad
678 488 859 546 valitudinem
890 487 1000 547 bonam
1018 531 1028 557 ,
1047 488 1090 548 sed

208 566 296 623 etiam
311 575 341 621 ut
355 582 386 622 ea
402 565 579 624 contineant:
599 583 659 625 non
673 563 750 622 idem
763 565 855 623 facere
869 581 915 623 eas
928 566 957 623 in
973 566 1088 634 virtute,

209 658 304 717 neque
317 642 346 699 in
360 642 457 700 ceteris
470 642 588 712 artibus,
607 641 642 700 ad
662 658 729 718 quas
745 637 799 700 effe
814 640 870 698 dux
883 642 1009 715 pecunia
1029 654 1091 717 pot·

210 717 267 786 est,
286 719 431 776 continere
450 732 545 776 autern
567 736 627 777 non
646 717 743 793 potest.
781 718 875 794 itaque
907 717 928 776 fi
962 718 1091 793 voluptas

212 792 292 851 aursi
308 794 381 852 bona
396 795 519 853 valitudo
534 794 566 853 sit
580 799 609 853 in
623 794 720 863 bonis,
740 793 847 871 divitias
862 810 981 870 quoque
997 795 1028 853 in
1043 796 1090 853 bo·

211 872 254 928 nis
266 866 321 927 eise
342 871 507 945 ponendas:
527 884 579 940 at,
599 870 619 928 sr
640 870 768 946 sapientia
789 868 896 928 b'onum
912 869 970 941 fit,
995 882 1089 930 triton

209 947 306 1021 sequi,
325 960 356 1006 ut
369 949 453 1005 etiam
475 948 583 1007 divitias
604 948 711 1006 bonum
734 944 787 1004 effe
810 946 959 1005 dicamus:
981 964 1040 1005 nec
1057 948 1089 1006 ab

213 1023 327 1091 udaie,
347 1022 686 1099 quaenonsrtinbonis,
706 1023 760 1091 id,
780 1022 858 1099 quod
878 1021 911 1080 fit
931 1024 963 1083 in
985 1023 1090 1093 bonis,

213 1100 352 1158 contineri
365 1100 470 1174 potest,
491 1102 528 1159 ob
542 1118 662 1178 eamque
677 1099 802 1168 causam,
823 1097 926 1175 r⁸quia
948 1101 1091 1175 cognitio·

210 1193 261 1233 nes
286 1175 604 1255 comprehenfionesque
625 1195 748 1246 rerum,
774 1174 910 1251 equibus
933 1175 1089 1236 efficiuntur

60 1273 202 1343 yadappet.
214 1263 301 1322 artes,
320 1255 541 1327 sappetitionem
556 1266 692 1321 movent;
713 1252 779 1312 cum
793 1251 897 1312 divitiae
912 1269 975 1312 uon
998 1250 1090 1313 iintin

61 1339 111 1388 atri.
212 1329 310 1397 bonis,
329 1330 403 1388 nulla
417 1348 457 1389 ars
471 1331 571 1389 divitiis
585 1332 723 1389 contineri
737 1329 834 1405 potest.

166 1440 202 1498 50
251 1405 339 1481 Quod
354 1405 374 1464 fi
389 1407 424 1465 de
438 1408 538 1465 artibus
553 1406 741 1465 concedamus
757 1447 766 1474 ‚
785 1404 892 1463 virtutis
911 1416 1013 1465 tamen
1031 1412 1115 1466 non*

211 1481 245 1540 fit
258 1483 357 1541 eadem
372 1484 442 1541 ratio
451 1526 459 1552 ‚
468 1495 614 1559 propterea
627 1482 706 1559 quod
718 1484 782 1541 haec
795 1482 926 1557 plurimae
939 1499 1090 1542 commen·

212 1560 373 1617 tationis&
396 1561 598 1619 exercitationis
619 1560 755 1636 indigeam
783 1557 861 1634 quod
882 1557 960 1617 idem
981 1558 1091 1631 inarti-
1122 1586 1126 1597 ·

211 1635 260 1695 bus
274 1653 332 1694 nort
353 1634 407 1694 fite
435 1639 466 1694 δε
485 1636 564 1713 quod
585 1638 671 1694 virtus
692 1634 889 1703 stabilitatem,
910 1632 1087 1706 firmitatem,

211 1711 393 1770 constantiam
408 1714 492 1772 totius
506 1715 572 1771 vitae
586 1711 811 1788 complectatur,
830 1728 885 1768 nec
906 1711 1004 1771 eadem
1025 1712 1089 1771 haec

212 1788 355 1846 inanibus
370 1786 424 1847 effe
438 1789 591 1849 videamus.
627 1791 737 1847 Deince
757 1805 769 1845 s
784 1786 935 1862 explicatur
954 1784 1085 1846 differen-

210 1864 251 1922 tia
265 1881 374 1923 rerum:
395 1882 480 1942 quam
494 1866 515 1924 fi
528 1884 588 1924 nort
602 1866 686 1924 ullam
701 1807 756 1923 eiig
769 1863 948 1934 diceremus,
964 1864 1086 1922 confun-

211 1940 322 2000 deretur
332 1945 428 2001 -omnis
442 1945 497 2002 vita
507 1956 553 2012 ‚ut
566 1942 600 2000 ab
614 1943 760 2001 Aristone:
781 1956 833 1997 nec
846 1940 937 1999 ullum
949 1938 1089 2016 sopientiae

211 2032 313 2076 munus
332 2033 381 2077 aut
400 2037 470 2094 opus
490 2021 683 2086 inveniretur,
703 2017 768 2075 cum
795 2018 866 2074 inter
879 2034 923 2076 res
937 2034 1008 2087 eas,
1046 2036 1090 2077 uae

213 2092 247 2152 ad
264 2095 347 2153 vitam
357 2095 510 2169 degendam
527 2097 711 2169 pertinerent,
724 2091 791 2152 nihil
805 2093 927 2152 omnino
941 2093 1032 2152 intere
1053 2106 1089 2164 et,

62 2193 79 2229 ι
94 2176 206 2252 dilectum
215 2186 309 2246 neque
323 2172 408 2229 ullum
425 2171 584 2230 zderetturn
598 2171 720 2230 adhiberi
734 2183 885 2244 oporteret.
910 2170 1010 2246 itaque
1028 2170 1089 2230 chm

65 2242 116 2291 am.
216 2244 282 2304 effet
302 2246 361 2305 satis
381 2247 585 2316 constitutum,
618 2248 647 2306 id
675 2247 763 2305 solum
785 2240 838 2303 effe
858 2244 970 2306 bonum
988 2290 998 2318 ,
1017 2248 1091 2325 quod
1130 2258 1132 2285 ³

216 2320 282 2381 effet
294 2322 460 2391 honestum,
480 2326 509 2382 &
524 2324 552 2382 id
567 2325 671 2382 malurn
685 2323 773 2381 solum
784 2322 890 2396 „quod
905 2335 1011 2398 turpe:
1031 2337 1089 2385 tum

217 2400 324 2456 winter
337 2400 399 2458 haec
418 2401 456 2460 ⁴&
470 2401 538 2467 illa,
564 2419 629 2478 quae
651 2400 717 2459 nihil
738 2398 861 2456 vaierent
882 2399 918 2457 ad
939 2399 1024 2460 beate
1042 2402 1109 2461 mi·

97 2497 122 2547 p,
135 2497 177 2545 01,
216 2474 309 2532 serere
330 2476 508 2545 vivendum,
528 2477 629 2553 aliquid
649 2488 764 2544 tamen,
779 2493 836 2552 quo
851 2473 1022 2547 differrent,
1041 2475 1090 2538 effe

214 2552 382 2687 :ffluemnt'
402 2567 433 2613 ut
450 2551 535 2613 effent
548 2572 647 2613 eorum
662 2554 713 2612 alia
729 2550 1090 2626 aestimabilia,aliacontti.

251 2642 420 2689 aneutrum.

171 2737 205 2795 51
254 2704 367 2783 ⁶0Quae
381 2719 476 2768 autem
490 2705 649 2766 aestimanda
662 2704 764 2778 effent,
785 2721 884 2764 eorum
901 2704 936 2765 in
958 2706 1020 2768 aliis
1036 2707 1091 2844 fastris

369 2794 377 2809 ·
1040 2804 1057 2845 e
1075 2804 1089 2844 e

251 2940 288 2980 57.
305 2931 353 2972 Non
360 2927 465 2987 sequi‚ut
474 2927 540 2971 etiam
550 2925 645 2972 divitias
657 2924 732 2970 bonum
742 2923 779 2984 effe
788 2916 1034 2989 diurnum-requitur,
1038 2939 1090 2991 1³10,

212 2986 295 3052 sequi,
309 2987 343 3037 est
354 2989 380 3036 in
391 2987 472 3036 codice
483 2985 649 3051 manuscripto.
681 2987 754 3046 vrfin.

251 3059 290 3107 58.
304 3053 368 3114 Qia
382 3055 505 3114 cognitiones
525 3047 770 3114 comprehenfionesr'que.]
800 3053 860 3099 Non
880 3047 914 3098 est
935 3048 1007 3112 quod
1023 3046 1090 3113 jastet

218 3112 348 3160 Lambinus
364 3115 396 3161 ita
412 3110 565 3163 serestituiss'e
575 3113 639 3162 libris
655 3113 843 3162 reclamantibus.
877 3126 934 3160 nam
946 3110 980 3163 {ie
991 3115 1090 3164 omnino

219 3175 268 3250 rai.
279 3174 389 3284 ριὲείῑει
400 3187 482 3227 tamen
493 3176 617 3241 vulgatum
628 3175 688 3225 illud
697 3181 845 3244 cogitationes,
861 3176 886 3226 in
895 3173 949 3225 roffi
958 3176 1047 3228 nostris
1057 3190 1093 3227 ce·

216 3249 281 3289 tetis.
335 3252 401 3287 ruter.

250 3316 287 3356 5⁹·
301 3306 360 3348 Inter
369 3304 443 3355 hec&
453 3304 504 3361 illa,
513 3319 559 3367 qua
570 3305 628 3350 nibil
636 3304 753 3363 valeretis]
762 3301 812 3352 Pal.
823 3317 857 3367 pr.
864 3306 920 3351 inter
930 3300 1091 3369 iiimquasot.

215 3364 243 3413 δι
254 3359 312 3413 sext.
323 3368 364 3412 hac
374 3369 429 3413 inter
440 3369 545 3429 illasque
554 3369 611 3415 nihil
620 3368 723 3416 valerent.
731 3381 786 3418 tert.
797 3378 874 3430 quart.
887 3366 966 3432 quint.
973 3370 1093 3435 tutabatur

215 3427 322 3492 ἰωήν
333 3431 391 3474 nibil
400 3431 447 3478 val.
478 3432 553 3478 rdem.

248 3498 289 3545 60.
304 3493 361 3557 Qu
372 3503 443 3545 mrem
453 3492 577 3555 altimetria
584 3493 672 3565 rilint]¹
682 3476 742 3549 Veri.
749 3495 860 3560 Qaqmt
875 3488 981 3559 utsupra
990 3506 1098 3609 quoq&
