2234 3900
109 100 682 176 Liarre·srcuunu8·
755 123 836 192 2375

44 226 129 288 propere
145 227 279 286 umquam
296 214 421 286 probavi.
459 212 571 290 quando
587 215 664 272 enim
679 211 828 284 Socrates,

48 304 119 365 pateus
132 287 311 362 philosophiae
322 291 384 365 jure
399 289 453 348 dici
476 288 564 364 potest
579 332 588 359 ,
607 288 758 364 quidquam
773 288 828 348 tale

44 362 172 425 tdoorum
193 377 250 421 erat
272 365 319 423 iste
342 383 421 435 mos,
440 367 562 441 quitum
579 365 829 438 ²soplrillaenomi-

44 452 117 501 mar:
136 456 255 514 quorum
279 440 427 500 enumero
442 445 544 516 primus
564 441 601 499 est
622 440 698 499 ausus
712 441 831 500 Leonti·

44 516 145 592 Gorgias
158 517 189 574 in
203 530 345 576 conventu
364 517 475 593 poscere
497 517 678 592 quaestionem
693 558 702 585 ,
721 518 750 575 id
765 517 802 575 est
817 559 827 586 ,

44 610 66 651 re
75 592 181 661 dicere,
199 593 298 666 quade
312 612 341 652 re
357 595 415 670 quis
428 593 511 652 vellet
524 593 626 665 audire.
664 593 765 651 Audax
777 610 828 651 ne·
898 663 905 676 ¹

44 686 91 736 urm
110 668 232 727 dicerem
247 670 426 745 cimpudens,
446 669 495 728 nist
509 670 564 729 hoc
576 669 851 744 institutumposteaa
866 664 951 742 &¹1¹¹ss

44 746 123 803 utum
138 744 174 802 ad
190 745 364 821 philosophos
378 746 485 805 nostros
498 742 572 805 effer.
836 725 890 790 ΡΜ
906 731 979 801 ⁶1er

44 819 96 879 l&
109 820 211 888 illum,
231 839 315 895 quem
334 823 475 881 nominavi
492 864 500 889 ,
520 823 550 879 &
574 823 679 880 ceter'os
692 820 853 896 sophistas,2

44 898 163 955 Platone
181 897 291 970 intelligi
310 900 398 973 potest
418 942 426 967 ,
445 898 514 956 lusos
533 897 657 956 videmus
676 897 691 956 a
708 898 827 957 Socrate„

44 976 79 1033 im
109 971 332 1048 bpercunetando
359 989 441 1050 atque
457 975 649 1048 interrogando
671 975 767 1032 elicere
785 974 852 1033 so-b
866 983 976 1052 percont(

46 1068 147 1109 eorum
163 1050 321 1125 opiniones,
343 1052 502 1126 quibuscum
518 1049 673 1119 disserebat,
692 1063 723 1109 ut
737 1051 770 1109 ad
785 1041 888 1119 ea,“¹'·

47 1126 69 1187 ii
88 1123 310 1201 respondissent,
340 1128 360 1186 st
375 1128 442 1204 quid
454 1127 590 1187 videretur
605 1170 613 1194 ,
633 1127 743 1188 diceret.
780 1130 829 1203 qui

44 1202 110 1265 clm
133 1203 149 1261 i
171 1203 359 1279 posterioribus
380 1223 438 1263 non
462 1203 526 1262 esset
544 1216 679 1273 retentus,
698 1203 830 1263 Arcesilas

57 1281 202 1341 revocavit
224 1280 414 1357 instituitque,
441 1295 472 1338 ut
487 1281 529 1348 ii,
560 1281 607 1356 qui
625 1280 651 1339 se
665 1282 757 1339 audire
773 1283 829 1340 vel·
872 1280 875 1287 '

54 1375 117 1417 non
130 1356 166 1414 de
178 1356 203 1414 se
219 1369 390 1432 quaeterent,
409 1357 455 1414 sed
467 1355 515 1432 ipsi
530 1356 650 1415 dicerent
664 1399 672 1425 ‚
693 1358 758 1434 quid
770 1358 830 1416 sen·

44 1478 53 1496 .
91 1432 170 1510 quod
186 1432 251 1491 ctlm
265 1432 404 1502 dixissent,
424 1434 468 1492 ille
481 1432 586 1493 contra.
626 1433 830 1521 sed-quiaudie·
886 1459 894 1478 ·
941 1480 943 1487 .

44 1508 175 1647 retal
189 1509 554 1663 {tarantasia}
568 1509 831 1664 stabulat

77 1663 159 1741 quod
171 1663 285 1738 quidem
302 1664 361 1739 jam
383 1662 414 1722 fit
434 1665 516 1721 etiam
530 1665 559 1721 in
575 1662 735 1721 Academia.
772 1664 831 1724 Ubi

50 1741 89 1810 is,
112 1741 161 1816 qui
172 1739 266 1798 audire
279 1741 354 1809 vult,
373 1740 410 1798 ita
426 1739 506 1808 dixit,
526 1740 649 1814 voluptas
663 1741 731 1798 mihi
752 1740 829 1799 vide-

44 1815 78 1875 lle
101 1815 244 1874 summum
265 1815 401 1888 bonum,
436 1828 564 1892 perpetua
590 1817 715 1874 oratione
735 1817 830 1877 contri

44 1906 124 1952 atur:
145 1905 177 1951 ut
191 1892 270 1951 facile
283 1894 393 1968 intelligi
407 1891 503 1967 poffit,
523 1910 586 1960 eos,
626 1893 654 1950 ui
667 1894 701 1950 ali
722 1892 767 1951 uid
781 1892 830 1953 fibi

44 1975 48 2031 ’.
61 1971 173 2056 dicant,
193 1988 253 2029 non
266 1970 336 2045 ipsos
351 1970 380 2028 in
395 1986 427 2027 ea
440 1969 569 2028 sententia
582 1910 634 2026 else
650 2010 659 2037 ,
678 1910 832 2028 sedandae

47 2059 196 2106 contraria.
829 2094 832 2101 .

44 2142 62 2182 ts
76 2119 257 2181 commodius
269 2123 382 2197 agimus.
407 2139 465 2180 non
480 2122 553 2179 enim
571 2120 656 2180 solum
671 2119 871 2197 Torquattrs3·
940 2167 944 2176 .

62 2201 132 2278 quid
144 2198 272 2270 sentiret,
290 2199 336 2258 sed
351 2199 433 2258 etiam
448 2215 503 2257 cur.
531 2215 584 2274 ego
601 2210 694 2259 autem
709 2200 832 2267 arbitror,

739 2293 837 2352 quam·
930 2320 933 2325 -

44 2429 153 2493 aparsta]
181 2427 340 2493 sophistarum
354 2443 444 2480 nomen
462 2429 542 2494 primis
552 2440 600 2477 tem
635 2426 695 2478 tibus
705 2427 837 2479 honestissi-

44 2494 96 2544 fuit.
129 2491 204 2543 iidem
215 2493 280 2541 enim
291 2490 405 2556 sapientes
414 2508 480 2543 etant
491 2496 516 2542 ὅ(
528 2492 599 2555 sophi
620 2507 645 2541 at.
660 2494 741 2542 La'e‘tt.
758 2493 799 2541 lib.
812 2507 835 2545 r.

51 2556 117 2613 carol
134 2556 174 2605 nari
193 2557 292 2608 Zoara-etl
308 2557 436 2613 inaniret,
454 2554 491 2605 nel
507 2562 520 2603 ε’
536 2574 619 2609 reatori,
637 2555 700 2605 rinnai
715 2555 754 2605 ul
769 2574 834 2605 nora·

44 2619 135 2674 aaroni,
152 2618 231 2667 καθἀἓ
253 2616 291 2666 καὶ
307 2615 316 2664 l
333 2618 453 2676 er‘rlt&
466 2617 487 2667 it
500 2618 633 2680 Α’ρχιλόχῳ
648 2620 688 2671 erla
704 2618 751 2677 arpi
767 2608 840 2673 0⁴ter·

44 2702 46 2729 t
63 2682 168 2730 rr‘et'oaor
185 2682 295 2735 inserar,
320 2677 378 2729 dudae
392 2678 465 2729 nanas.
496 2684 526 2728 Et
545 2679 699 2735 Aristoteles,
715 2693 741 2728 ut
757 2676 833 2730 scribit

56 2743 235 2806 Etymologici,
252 2739 340 2802 septem
352 2741 407 2790 illos
419 2743 533 2807 sapientes
545 2741 662 2804 sophistas
671 2755 747 2790 vocat.
769 2743 837 2791 Plato

45 2808 189 2855 eComicus
197 2808 224 2853 in
239 2803 327 2852 Fabula
342 2838 350 2860 ,
365 2807 402 2853 cui
413 2807 494 2855 titulus
506 2803 557 2862 est,
573 2803 702 2867 sophistae,
715 2803 838 2866 Baeeltyli·

45 2869 131 2919 o‘e'tam
143 2870 206 2917 inter
217 2865 333 2929 Sophistas
343 2881 466 2923 numerat,
481 2879 505 2914 ut
519 2867 551 2915 est
563 2865 623 2931 apud
644 2865 744 2915 Suidam.
760 2868 841 2915 omui-

64 2946 154 2981 omnes
173 2934 198 2981 in
239 2943 360 2991 uacunque
381 2944 431 2980 arte
450 2928 552 2979 eruditos
574 2927 691 2993 sophistas
712 2928 837 2980 vocabant.

45 2994 77 3043 rse
88 3007 172 3042 autem
184 2945 284 3040 musteus
296 2993 343 3041 hoc
353 2991 484 3042 afficiebant
498 2993 609 3047 nomine,
625 3004 650 3039 ut
662 2988 774 3038 testantur
782 2989 838 3041 eiam

47 3072 89 3106 um
105 3058 240 3106 Atheneus
256 3054 295 3103 lib.
309 3069 360 3104 xiv.
378 3055 463 3104 deinde
481 3055 554 3116 coepit
571 3067 660 3101 nomen
675 3052 733 3100 illud
749 3055 773 3101 in
796 3069 839 3104 eos

44 3123 76 3176 ti,
90 3122 134 3183 qui
145 3132 242 3181 accepta
253 3110 360 3165 mercede
370 3116 544 3180 philosophiam
566 3130 605 3165 aut
621 3116 782 3176 eloquentiam
793 3117 840 3167 do·

48 3218 57 3239 ,
74 3181 141 3246 quasi
152 3195 271 3244 caupones
281 3180 398 3243 quidam,
413 3195 438 3229 ut
454 3185 559 3228 Socrates
574 3180 697 3237 loquitur,
712 3178 836 3237 cibotum,

55 3249 151 3294 animus
164 3245 272 3299 aleretur.
305 3245 385 3304 iraque
397 3257 479 3306 parum
491 3242 649 3290 honorificum
662 3239 837 3305 habebaturap·

53 3314 84 3357 So
103 3306 203 3363 hislam,
220 3319 245 3354 ut
261 3320 290 3354 ex
307 3308 413 3354 Platonis
431 3311 559 3368 Protagora
570 3322 620 3354 non
636 3303 730 3354 obscure
742 3321 771 3352 co
789 3321 834 3353 no·

68 3325 104 3419 Ed.
116 3368 270 3419 Philostratus
284 3381 387 3418 tererem
398 3366 542 3430 Sophrsticeu
558 3368 619 3419 nihil
638 3364 702 3418 aliud
718 3366 753 3418 fui
772 3383 787 3416 e
802 3368 836 3416 eit

44 3433 156 3500 praepura
168 3434 336 3494 procopiam.
367 3434 475 3483 Murram.
762 3506 774 3547 ³
799 3494 834 3536 w
