2318 3914
215 116 299 182 2504
419 94 484 163 Drr
504 98 591 165 Frn.
612 94 713 165 Bon.
732 115 785 165 rr
804 96 923 172 Mne.

63 226 82 278 y
96 213 140 261 eto·
150 215 295 268 see-natus
309 208 347 269 est
361 210 523 287 rogatione,
542 210 573 269 Ρ.
585 208 779 271 rScaevoramr
798 210 830 271 δε
842 208 921 289 quali
942 210 1096 277 nihilinter

63 276 155 329 rutam
216 302 259 343 res
272 304 386 365 quoque
399 286 492 365 ipsae,
510 290 540 349 in
554 287 652 365 quibus
665 293 811 365 peccatur,
829 284 955 357 interlin
976 300 1031 363 ut,
1056 310 1093 354 uo

215 361 262 420 hae
282 366 402 441 majores
420 367 580 425 minoresve
603 363 673 433 tint,
692 380 746 435 eo,
765 372 829 443 q'uae
841 368 1044 441 peccenturin
1075 370 1081 383 '

214 439 311 511 rebus,
330 456 377 502 aut
391 442 497 519 majora
518 442 570 501 fint
595 450 644 501 aut
658 441 778 501 minora.

167 526 204 599 78
252 516 350 595 ltaque
369 518 439 595 (jam
453 520 530 578 enirn
546 518 728 577 concludatur
740 516 842 593 oratio)
858 516 919 577 hoc
932 522 1091 585 utro²vitio

62 598 152 650 evirio
214 594 337 655 maxime
352 597 421 655 mihi
434 596 523 671 premi
537 592 664 653 videntur
676 594 718 652 tui
732 594 818 653 Stoici
832 636 842 662 ,
859 593 942 671 quod
962 594 994 655 se
1016 596 1091 673 poffe

62 664 198 722 driethel-
211 683 308 746 putant
330 673 395 732 duas
415 669 726 732 contrarias'senrentiat
745 670 878 730 obtinere.
918 672 993 747 quid
1015 674 1089 737 enim

212 748 250 805 est
264 760 323 808 tarn
347 766 376 807 re
395 766 499 824 ugnanr
533 746 619 824 quim
634 748 756 807 eundem
770 746 879 815 dicere,
899 748 984 825 quod
999 748 1088 811 hone·

210 823 282 882 stum
297 824 346 894 srt,
366 767 455 884 iiilum
469 826 497 884 id
512 824 620 882 bonurn
641 819 721 891 effe,
746 822 795 899 qui
816 822 917 894 dicat,
937 828 1086 901 appetitio·

210 916 280 959 nem
294 919 385 961 return
399 902 434 960 ad
454 900 607 960 vivendum
637 896 915 959 accommodatarum
943 897 961 959 lt
992 916 1084 965 natura

209 976 386 1051 prosettam?
407 978 448 1037 lta
461 976 526 1036 clm
542 993 575 1035 er
588 975 687 1035 volunt
700 976 842 1045 retinete,
860 992 929 1053 quae
950 974 1080 1052 superiori

208 1052 351 1113 sententiae
365 1055 555 1123 conveniunt,
574 1053 603 1112 in
618 1051 777 1111 Aristonem
791 1050 919 1111 incidunt
934 1071 942 1110 r
970 1052 1039 1114 curn
1055 1056 1080 1115 itl

208 1128 336 1203 fugiunt;
357 1140 423 1189 rrre
438 1130 535 1189 eadem
550 1128 720 1197 defendunt,
739 1146 804 1204 quae
817 1128 1016 1203 Peripatetici;
1026 1148 1081 1190 ver·

208 1204 242 1263 ba
255 1218 351 1265 tenent
367 1207 512 1266 mordicus.
531 1224 596 1283 quae
611 1204 697 1265 rursus
710 1204 777 1263 dum
794 1202 841 1262 fibi
854 1202 980 1264 ⁸⁰erelli
992 1224 1029 1267 ex
1038 1225 1079 1267 or·

207 1280 274 1339 dine
287 1284 412 1353 nolunt,
431 1282 596 1343 horridiores
611 1282 749 1351 evadunt,
769 1280 935 1357 asperiores,
955 1281 1077 1345 duriore
1107 1295 1112 1310 ·

208 1358 239 1414 ὃ(
254 1361 380 1419 oratione
407 1362 437 1419 &
451 1360 581 1419 moribus.

165 1464 202 1521 79
248 1438 344 1510 Quam
379 1436 489 1496 illorum
510 1437 643 1495 tristitiam
669 1446 752 1510 atque
776 1430 950 1509 asperitatem
973 1436 1078 1513 fugiens

209 1509 361 1581 Panaetiur,
381 1531 434 1573 nec
448 1512 624 1572 acerbitatem
638 1510 831 1570 sententiarum
847 1552 857 1579 ,
876 1528 933 1570 nee
950 1510 1076 1573 differen-

60 1589 85 1638 ι’.
96 1585 239 1645 cxxiv.di
250 1587 337 1662 spinas
350 1589 491 1664 probavit:
511 1588 619 1665 fuitque
632 1589 661 1646 in
676 1586 762 1645 altero
780 1602 883 1662 genere
903 1588 1024 1659 mitior,
1047 1590 1074 1649 in

207 1662 295 1723 altero
313 1664 439 1725 illustrior
454 1684 463 1723 r
488 1662 650 1740 semperque
668 1662 763 1721 habuit
781 1663 811 1721 in
830 1681 881 1722 ore
912 1664 1073 1735 Platonem,

203 1740 406 1811 Aristotelem,
432 1742 620 1800 Xenocratem
637 1782 646 1807 ,
673 1738 926 1812 Theophrastum,
952 1742 1073 1800 Dicaear-

202 1816 306 1887 chum,
325 1830 357 1877 ut
369 1818 450 1895 ipiiur
463 1817 558 1892 scripta
572 1815 718 1877 declarant.
743 1831 815 1891 quos
828 1816 945 1893 quidem
957 1818 1070 1954 tibilith·

1024 1912 1042 1953 o

199 2131 231 2171 te.
264 2122 358 2172 citatur
371 2124 397 2171 δι
406 2121 473 2171 loeus
484 2119 513 2170 ab
525 2118 646 2171 Asconior
662 2120 691 2167 Si
700 2120 816 2181 mehercule
825 2118 879 2178 Μ.
891 2132 931 2181 pre
947 2124 977 2171 L.
989 2120 1071 2169 Tibulle

200 2187 303 2240 dicerem,
317 2202 380 2249 quem
391 2202 457 2233 unum
467 2201 494 2231 ee·
502 2188 562 2232 omni
569 2186 673 2230 memorio
683 2182 863 2243 sceleratiffimtm
870 2182 940 2245 feerffe
949 2185 1071 2247 accepim.

201 2246 246 2295 Sed
257 2249 281 2294 in
293 2248 393 2358 vulqatir
404 2246 481 2303 libris,
497 2262 522 2295 ur
535 2246 590 2295 cirin
600 2246 711 2309 pleraque
721 2244 782 2302 alia,
796 2258 849 2293 rum
860 2246 1073 2297 maximenomine

198 2312 294 2373 propria
304 2312 329 2358 δι
357 2325 388 2359 oe
398 2324 487 2359 nomen
499 2310 627 2371 corruptius
639 2308 756 2371 reperitur.
789 2314 868 2356 cemer.

231 2387 268 2425 7⁹.
285 2379 319 2433 ‘il‘
328 2378 399 2419 eadem
409 2372 492 2430 defend.
503 2389 547 2434 que
561 2374 653 2432 Peripot.
665 2371 730 2417 veria
743 2383 811 2417 tenent
826 2370 908 2429 meri]
937 2374 1071 2435 Quomodo

198 2431 294 2497 poll'unt
312 2436 383 2482 stoici
402 2437 607 2497 Peripateticorum
630 2433 700 2480 verba
714 2432 832 2481 mordicus
847 2446 950 2490 tenere,
968 2433 987 2483 ti
1009 2450 1072 2487 nore

199 2494 271 2544 verba
281 2497 398 2545 finxerunt
411 2531 418 2553 ‚
435 2501 460 2546 δι
472 2512 523 2560 quae
536 2498 571 2546 illi
581 2496 645 2544 bona
657 2496 797 2558 appellant,
818 2496 842 2543 hi
855 2497 913 2558 pto'e'
932 2512 1020 2554 mena,
1035 2499 1072 2549 seu

198 2559 326 2621 produita:
343 2575 393 2621 qua
405 2560 440 2608 illi
452 2560 529 2615 mala,
546 2560 569 2607 hi
580 2560 793 2621 apoproe'gmena,
808 2556 856 2607 five
866 2512 973 2617 tercia,
991 2564 1073 2611 nomi·

198 2625 302 2669 norunt?
325 2624 433 2670 omnino
446 2622 485 2671 lric
501 2624 567 2670 loeus
585 2620 674 2669 mendo
691 2636 740 2668 non
762 2634 837 2671 vacat.
856 2620 923 2684 quod
939 2622 957 2671 st
974 2622 1074 2675 fortasse

197 2686 292 2748 purgari
309 2684 394 2748 posl'tt,
410 2703 432 2730 rr
441 2686 513 2731 eedem
523 2685 656 2744 definiunt,
669 2699 713 2746 que
724 2686 859 2747 Peripatetici
868 2686 895 2736 ὰ
906 2699 978 2732 tenent
988 2690 1074 2735 mordi-

196 2764 253 2795 cut:
269 2750 331 2796 verbo
348 2766 389 2795 non
405 2751 463 2797 item.
484 2764 528 2812 qua
543 2749 614 2810 rursus
625 2749 669 2799 dyc.
687 2748 745 2801 vel,
758 2764 781 2794 re
796 2748 869 2793 eedem
878 2748 1011 2805 defindunt,
1027 2766 1073 2815 qu

140 2865 143 2874 Ι
195 2815 268 2873 Perip,
283 2813 309 2863 ir
324 2823 392 2858 tenent
407 2812 537 2858 niardieur:
559 2812 620 2858 veria
636 2809 730 2869 deserunt
743 2843 750 2866 ,
765 2826 810 2873 que
830 2810 875 2860 irc.
906 2812 1073 2869 conjestttmm

195 2874 379 2935 probabiliorem
399 2874 470 2923 faeiat
486 2874 562 2923 letior
577 2871 718 2938 ingeniosus.
752 2872 811 2921 milti
831 2872 884 2920 satis
901 2871 934 2921 est
952 2874 1073 2929 mendum

194 2936 260 2999 quali
272 2938 347 3002 digito
358 2935 477 2986 iudicasse.
493 2940 617 2985 Lambinus.
649 2940 682 2996 'Re
694 2937 765 2981 endem
775 2934 903 2992 definiunt,
920 2951 967 3000 qua
985 2942 1073 3002 peripa-

194 3004 255 3045 retici
265 3019 273 3057 3
289 3004 431 3047 verberentur
440 3002 566 3057 mordicum]
585 2999 621 3046 Sic
636 2995 688 3047 mss'.
702 2998 758 3045 Pali.
770 3012 848 3060 neque
858 3012 918 3059 opus
927 3000 979 3048 ulla
993 3015 1074 3051 mutn-

195 3062 326 3173 tdiolr'rebcum
342 3063 479 3119 Lambino,
500 3063 620 3111 contrario
636 3059 712 3109 modo
728 3058 805 3108 islhaec
820 3063 986 3124 interpretanti
996 3064 1073 3129 quim

215 3140 306 3174 eeat.
340 3129 428 3174 Gruter.

233 3195 271 3237 80.
288 3193 364 3235 Evrsli
373 3206 398 3234 ex
408 3208 442 3236 ore
451 3170 544 3247 eiluein]
560 3184 642 3234 Paffim
652 3186 685 3234 ita
696 3186 788 3249 legitur.
810 3199 833 3235 at
844 3185 904 3236 olim
915 3200 965 3236 erat
976 3222 984 3245 ,
999 3206 1026 3237 etr
1036 3206 1073 3237 ee·

200 3251 251 3297 dine
266 3254 360 3306 nolunt,
374 3248 453 3311 fitque
464 3253 510 3301 Pal.
530 3252 607 3313 quint.
619 3249 675 3298 sext.
687 3264 744 3297 nam
755 3251 826 3298 ceteri
835 3262 895 3307 tres,
910 3268 936 3297 ex
946 3254 1021 3301 ordine
1030 3270 1073 3301 ve·

200 3316 261 3367 lune,
278 3313 402 3377 quomodo
414 3316 471 3363 item
483 3312 549 3362 fuisse
560 3315 585 3362 in
596 3311 706 3361 omnibus
722 3310 766 3360 suis
781 3312 876 3362 testatur
887 3314 1025 3367 Lambinus.
1043 3316 1070 3365 δι

199 3374 361 3425 forsanresle:
376 3390 400 3423 ut
408 3379 477 3435 velit,
492 3378 584 3428 nullum
594 3391 636 3428 eos
647 3389 676 3425 ex
686 3374 735 3425 istis
745 3374 842 3428 verbum
853 3374 979 3431 emissuros
993 3375 1036 3435 uili
1045 3380 1069 3431 vi

198 3454 266 3491 meta
274 3452 448 3504 extorqueatur.
478 3442 546 3493 Idem.
