2318 3914
213 151 296 216 2390
416 131 478 193 Dr
499 130 588 193 Fra.
609 126 708 191 Bou.
731 144 781 191 nr
804 126 921 193 Mat.

191 262 196 269 ·
215 241 312 306 vium,
333 237 433 296 deinde
448 239 579 297 omnium
594 236 754 295 mortalium
768 236 913 295 societate:
934 235 1018 315 atqu'e
1034 283 1043 310 ,
1062 251 1094 302 ut

61 329 178 393 gaicus·
206 314 250 372 -ad
269 316 446 389 uArelrytam
465 313 566 389 scripsit
591 315 695 381 Plato,
722 330 780 370 non
813 312 860 370 fibi
879 313 906 370 se
924 314 973 373 soli
994 329 1093 378 natum

61 405 113 440 tam
122 395 171 442 alii.
216 392 392 458 meminerit,
404 390 451 450 sed
465 393 580 467 patriae,
592 388 666 448 -hsed
680 389 749 457 suis,
768 401 800 447 ut
814 391 961 465 perexigua
974 395 1094 470 parsipsr

61 454 77 502 ¹¹
93 458 201 512 &M-
215 467 392 543 relinquatur.

83 554 122 599 ,ιι
139 556 164 600 o.
253 545 289 600 Et
302 545 436 618 quoniam
453 543 552 603 eadem
566 553 662 602 natura
687 541 865 617 cupiditatem
889 541 1015 618 ingenuit
1036 547 1093 605 ho·

166 615 282 685 46¹mini
304 621 363 677 veri
386 618 584 686 {inveniendh
610 616 688 694 quod
714 617 843 677 facillime
865 633 1001 693 apparet,
1021 622 1090 683 ciam

59 686 70 739 ἰ
86 688 183 742 videndi
214 696 295 753 vacui
309 697 378 753 curis
394 739 402 764 ‚
423 698 518 754 etiam.
530 694 646 772 quidin
667 695 737 752 caelo
757 693 803 753 fiat
819 695 912 765 ,scire
927 696 1089 759 kavernus:

60 757 115 864 M}
213 773 255 830 his
269 771 351 830 initiis
366 771 483 830 *indutu
497 772 593 830 omnia
609 788 673 828 vera
687 771 842 846 diligimus,
863 770 891 828 id
907 771 965 840 est,
984 772 1089 845 fidelia,

62 832 174 931 ,unffi
214 848 369 922 simplicia,
390 847 559 907 constantia:
580 860 640 904 tum
655 864 743 915 vana,
764 847 843 915 salsa,
864 847 1011 907 mfallentia
1026 852 1092 910 odi·

61 943 173 993 limbuti
214 942 299 992 mus,
333 937 364 982 ut
393 924 544 993 fraudem,
571 922 747 999 perjurium,
775 923 926 991 malitiam,
947 926 1088 1002 injuriam.

62 1009 138 1058 Lama.
154 1013 180 1060 ta
213 1002 312 1058 eadem
327 1001 396 1059 ratio
411 1001 494 1059 habet
506 1002 535 1058 in
549 999 576 1057 se
589 998 721 1075 quiddam
736 1000 859 1073 amplum
881 1014 964 1074 atque
979 1006 1087 1078 magni-

61 1071 112 1119 ⁴²¹‘¹'·
182 1136 188 1146 ,
213 1076 317 1144 ficum,
336 1077 370 1134 ad
384 1076 578 1150 imperandum
604 1075 691 1150 magis
717 1076 802 1151 quim
817 1075 851 1133 ad
866 1076 1019 1150 parendum
1041 1098 1089 1138 ac-

62 1147 88 1180 m
102 1133 204 1244 ,Ἓξ
213 1152 446 1212 commodatum:
466 1153 562 1211 omnia
584 1152 706 1211 hauriant
726 1170 785 1211 non
807 1151 956 1210 tolerabilia
973 1155 1088 1226 solum,

61 1212 114 1256 ‘⁰⁸²'
196 1229 258 1288 'sed
274 1229 356 1287 etiam
371 1229 442 1288 levia
465 1229 590 1287 ducens:
612 1227 697 1286 altum
718 1227 849 1303 quiddam
877 1229 907 1286 dc
929 1231 1089 1303 excelsiam,

212 1305 281 1365 nihil
293 1305 411 1373 timens,¹
430 1307 537 1363 nemini
551 1304 669 1371 cedens,
688 1303 794 1381 semper
808 1304 953 1373 invidiam.

167 1401 200 1458 47
248 1382 345 1457 Atque
358 1383 400 1440 his
412 1382 496 1440 tribus
510 1380 653 1455 generibus
668 1381 846 1439 bonestorum
862 1383 980 1451 notatis,
1001 1402 1088 1460 quar·

62 1474 79 1506 n
92 1460 120 1535 ¹&
130 1462 181 1510 ead.
212 1469 274 1517 tum
287 1459 423 1534 sequitur,
442 1460 494 1516 ¹¹&
508 1459 536 1517 in
552 1457 651 1515 eadem
665 1456 847 1531 pulcritudine
863 1500 872 1526 ,
893 1459 1033 1532 &aptum
1048 1481 1087 1520 ex

62 1525 113 1573 ⁴²¹5·
212 1536 263 1593 illis
278 1535 382 1592 tribus:
412 1537 442 1592 in
456 1552 514 1609 quo
528 1533 596 1592 inest
611 1531 681 1591 ordo
701 1535 731 1591 dc
753 1533 916 1592 moderatio.
955 1537 1033 1615 cujus
1050 1538 1087 1596 sr-

214 1610 369 1669 militudine
383 1610 520 1685 perspesia
533 1608 598 1669 ⁶0in
613 1610 765 1667 formarum
780 1609 868 1685 specie
884 1633 892 1677 ;
920 1609 936 1669 i
952 1611 1088 1687 dignitate

212 1689 355 1745 transitum
377 1687 415 1744 est
434 1687 468 1744 ad
482 1682 655 1744 honestatem
670 1685 808 1744 ditiorum
834 1699 917 1760 atque
936 1688 1088 1750 raetorum.

211 1780 277 1823 nam
295 1780 328 1821 ex
338 1762 382 1821 'his
396 1763 480 1823 tribus
492 1761 638 1830 laudibus,
658 1779 723 1836 quas
738 1760 802 1819 ante
825 1761 882 1821 dixi
897 1806 906 1829 ‚
927 1764 956 1820 dt
970 1768 1086 1825 temeri-

210 1852 297 1899 tatem
311 1838 489 1908 reformidat,
507 1840 542 1899 &
552 1856 610 1897 non
623 1839 707 1895 audet
722 1839 850 1912 cuiquam
866 1852 913 1897 aut
928 1838 1003 1899 diuo
1018 1861 1085 1917 pro·

62 1962 80 1994 ο
95 1945 177 2010 eloqui
211 1928 310 1983 terto,
330 1928 377 1972 aut
391 1915 466 1977 sasso
478 1933 600 1982 nocere,
619 1927 782 1989 vereturque
804 1914 956 1991 quidquam
978 1933 1026 1977 aut
1042 1921 1085 1979 sa-

62 2012 113 2058 us,
215 2010 297 2061 cere,
317 1993 487 2068 aut⁰loqui,
508 1991 695 2067 quod'parum
711 1991 786 2048 virile
801 1990 934 2049 videatur.

164 2072 200 2144 48
250 2070 314 2127 XV.
334 2069 364 2126 H
376 2087 465 2125 auis
487 2068 610 2142 undique
627 2068 764 2140 expletam
784 2069 814 2125 &
828 2067 977 2143 perfectam
988 2069 1086 2138 ,Tor-

210 2158 319 2221 quate,
339 2148 460 2202 sormam
474 2144 635 2202 honestatis:
656 2161 720 2218 quae
734 2156 792 2201 tota
813 2145 854 2202 his
875 2157 1007 2221 quattuor
1027 2149 1086 2207 vir·

209 2223 330 2287 tutibus,
350 2238 415 2296 quae
430 2220 447 2277 a
461 2232 490 2276 te
501 2236 615 2295 quoque
635 2232 868 2278 commemoratae
887 2220 971 2290 sunt,
990 2226 1084 2282 conti-

210 2310 313 2371 netur.⁸
330 2296 402 2354 hanc
422 2296 448 2353 se
469 2308 531 2353 tuus
549 2294 682 2368 Epicurus
703 2297 820 2354 omnino
840 2297 966 2370 ignorare
987 2296 1080 2368 dicit,

211 2392 296 2451 quam
316 2384 362 2430 aut
384 2371 495 2448 qualem
519 2367 573 2431 esse
590 2370 699 2442 velint,
717 2373 765 2450 qui
778 2372 919 2432 honestate
938 2372 1083 2509 summgm

1048 2472 1083 2513 0·

255 2536 259 2556 Ι
901 2546 903 2551 .

210 2578 284 2641 quim
295 2590 320 2626 ut
331 2575 412 2626 cedere
423 2576 506 2628 debeat
516 2579 588 2643 priori
599 2613 606 2636 ,
622 2580 677 2630 licet
688 2578 817 2643 longissimi
827 2577 940 2642 temporit
951 2568 1083 2640 pdri'elsori.

212 2641 289 2690 asserit
300 2641 365 2689 enim
376 2641 401 2689 id
411 2640 453 2689 fibi
466 2643 551 2692 cicero
560 2642 602 2691 lib.
615 2659 638 2694 v.
655 2644 685 2692 de
695 2644 770 2691 finib.
782 2657 832 2705 cap.
840 2659 878 2696 ις.
895 2657 928 2704 pr.
941 2639 1085 2704 optimeque

209 2706 323 2753 convenit
335 2719 388 2752 eum
400 2702 506 2766 sequenti
522 2707 633 2768 implices,
659 2705 723 2768 quod
742 2706 833 2753 nollem
850 2705 935 2753 mutari
949 2705 975 2751 in
989 2706 1085 2765 adplicet

209 2782 265 2817 curn
275 2768 406 2832 exemplati
417 2767 557 2822 Uatiniano,
573 2781 658 2816 contra
670 2780 753 2816 omnes
764 2769 893 2816 Palatinos.
914 2767 993 2814 multo
1002 2769 1085 2833 minus

192 2832 196 2841 ¹
209 2844 234 2878 ut
246 2831 273 2878 iis
284 2829 344 2879 resta
362 2831 453 2878 antibus
466 2830 620 2879 admittamus
630 2831 811 2880 Lambinianum
818 2833 923 2891 societati,
943 2834 1038 2879 Gruter.

242 2901 280 2942 ⁶0.
297 2901 323 2941 In
333 2847 529 2956 firmarumspecie
544 2911 568 2938 ac
577 2896 707 2954 dignitate]
733 2898 770 2940 lta
782 2893 912 2956 legendum
924 2892 992 2954 proti
1006 2892 1084 2955 'd'gai-

208 2968 259 3004 tare.
275 2955 352 3005 Urfiu.
385 2964 411 3005 In
427 2957 546 3013 formarum
555 2956 623 3018 specie
633 2956 648 3002 d
658 2955 966 3017 dignitaterranstsuntqffsad
976 2955 1084 3011 honestam

209 3022 316 3066 dierorum
326 3033 390 3080 arque
395 3021 525 3077 sariorum]
546 3018 610 3067 Mihi
620 3018 709 3067 videtur
719 3019 821 3067 omuino
831 3019 915 3067 sestius
926 3017 973 3065 ltoc
987 3017 1078 3067 moder

206 3082 332 3141 formarum
340 3084 406 3143 specie
417 3099 442 3128 ac
451 3083 556 3140 dignitate
564 3085 679 3129 transitum
689 3081 717 3141 eſs
730 3083 775 3137 dac,
792 3095 818 3129 ut
833 3081 863 3129 ad
874 3081 958 3140 formas
968 3081 1083 3133 referatur

203 3146 282 3206 species
292 3162 317 3191 ac
327 3146 427 3206 digm'tas.
447 3145 514 3192 aliter
525 3157 614 3192 veteres
625 3143 694 3193 libri:
712 3159 758 3206 ego
773 3158 854 3191 tamen
870 3142 927 3190 meai
942 3143 1081 3201 contestare

207 3208 321 3257 delestor.
339 3212 365 3256 P.
373 3210 458 3255 Manat.
476 3213 501 3253 In
508 3207 632 3265 sarmarum
638 3209 704 3269 speeie
711 3210 740 3264 3ei
750 3208 853 3266 drgrrt‘rate
861 3208 978 3253 transitum
988 3204 1016 3262 est
1022 3209 1083 3265 lya]

206 3276 244 3322 lta
254 3287 301 3318 una
316 3284 375 3318 vote
387 3269 445 3318 Pall.
459 3269 540 3331 itaque
553 3285 603 3318 non
616 3267 750 3319 admiserim
766 3267 841 3316 Ursini
857 3283 885 3317 ae
900 3268 966 3316 Pauli
975 3269 1084 3319 Manutii

152 3374 155 3381 .
206 3351 232 3382 ac
242 3335 361 3395 dignitate,
376 3333 455 3381 multo
466 3333 544 3380 minus
554 3331 665 3381 Lambini
671 3331 748 3381 adhue
756 3329 940 3381 lieentiofiotem
950 3331 1083 3394 interpola·

206 3397 306 3445 tionem.
324 3399 388 3443 Nam
400 3397 494 3458 dignitas
505 3394 598 3445 resultat
608 3410 638 3443 ex
649 3395 781 3444 formarum
794 3390 886 3456 specie,
902 3395 1083 3458 itaqueneeam

206 3472 291 3509 rocem
302 3472 433 3524 repeteret,
448 3456 566 3524 sapposuit
576 3460 712 3521 datarium.
742 3460 836 3509 Gruter.
850 3510 854 3515 ,
981 3526 996 3568 ⁸
1039 3525 1059 3571 P

1000 3534 1021 3571 r.
1060 3538 1084 3573 e·
