2318 3914
236 102 430 167 Linea
471 99 720 168 Paratus
853 108 939 186 2565

52 234 170 285 excors,
189 212 338 291 quentilla
354 211 517 273 moveant?
536 212 581 272 M.
601 215 629 273 Si
644 230 712 290 ergo
732 210 804 288 apud
823 214 928 273 inferos

50 294 143 352 miseri
158 310 217 353 non
232 293 312 359 lunt,
331 308 368 349 ne
382 289 443 347 lunt
456 288 569 366 quidem
585 290 658 365 apud
672 291 776 348 inferos
791 290 847 348 ulli.
884 289 922 347 A.
966 294 993 343 r.
1013 296 1042 342 e.

52 368 99 428 Ita
112 368 216 443 prorsus
229 366 366 426 existimo.
405 367 448 425 M.
464 366 522 423 Ubi
535 380 603 439 ergo
617 367 677 425 furt
689 367 709 424 ii
723 410 732 436 ,
753 383 824 441 quos
845 366 925 423 mile-

53 462 100 504 ros
115 443 203 503 dicis?
222 456 269 502 aut
282 461 369 519 quem
384 443 479 499 locum
495 442 643 502 incolunt?
663 441 721 500 ²⁶sr
742 444 819 501 enim
840 441 924 510 lunt,

51 539 189 597 nusquam
205 517 332 578 ellenon
346 515 464 594 poliunt.
488 519 526 577 A.
540 517 604 593 Ego
625 514 694 576 verb
714 533 850 595 nusquam
872 514 925 575 else

49 597 111 655 illos
132 608 210 673 puto.
249 598 292 654 M.
308 596 394 670 Igitur
407 612 443 652 ne
457 590 511 653 elle
527 594 649 670 quidem.
690 594 727 657 A.
747 594 855 653 Prorsus
874 594 925 652 ilio

51 672 159 731 modo:
178 672 230 732 ¹²&
244 685 341 731 tamen
356 670 466 730 miseros
480 672 518 730 ob
539 670 571 729 id·
589 671 677 746 ipsum
699 670 840 748 quidem,
860 664 950 746 quiab
963 665 1077 747 &famen

55 748 123 809 ntrlli
138 749 207 809 lunt.
935 730 1077 790 mmm·

93 826 136 884 M.
150 827 212 900 Jarn
228 822 340 884 mallem
357 822 511 884 Cerberum
533 834 670 883 metueres
702 821 789 901 quim
809 820 925 884 iliatam
941 842 973 881 12

51 901 253 964 inconsiderate
275 900 386 961 diceres.
424 902 460 963 A.
482 901 582 979 eQuid
602 901 716 960 tandem
732 900 744 957 ἒ
763 900 806 959 Μ.
828 902 950 975 Quemc
965 900 1013 959 Qut

55 974 112 1036 effe
127 996 227 1053 negas,
248 979 368 1037 eundem
382 977 437 1038 elle
451 977 525 1036 dicis.
564 976 611 1036 ubi
631 977 668 1036 est
688 994 807 1037 acumen
821 989 901 1035 tuum
912 964 1011 1034 iffi·
1039 1031 1044 1040 .

54 1052 122 1111 cum
138 1056 213 1113 enim
228 1054 354 1113 miserum
372 1055 425 1113 elle
437 1054 520 1122 dicis,
538 1063 601 1112 turn
617 1072 681 1112 eum
697 1097 706 1124 ,
733 1054 783 1129 qui
802 1070 860 1111 non
876 1027 1064 1123 fit,⁸‘'¹“·⁴‘'²·

52 1128 122 1187 dicis
144 1129 206 1190 elle.
242 1132 279 1190 A.
293 1133 398 1190 ²7Non
420 1131 479 1189 sum
501 1132 539 1189 ita
559 1130 665 1197 hebes,
684 1144 715 1189 ut
735 1130 802 1189 istuc
823 1128 926 1191 dicam.

53 1207 99 1264 M.
112 1208 190 1280 Quid
204 1209 270 1267 dicis
282 1208 363 1283 igitur
378 1205 390 1265 ?
420 1207 456 1266 A.
469 1207 601 1266 Miserum
625 1204 679 1266 elie
694 1249 704 1277 ,
723 1206 800 1265 verbi
821 1202 925 1277 caula,

54 1283 99 1341 M.
116 1282 257 1355 Crallum,
275 1286 324 1360 qui
338 1285 393 1343 illas
405 1284 527 1344 fortunas
542 1296 633 1343 morte
654 1284 806 1343 dimiserit:
832 1280 925 1341 ²⁸nri-

54 1358 145 1419 serum
158 1364 210 1419 Cn.
224 1361 392 1437 Pompejum
412 1406 421 1433 ,
440 1362 489 1437 qui
500 1359 575 1418 tanti
595 1359 700 1436 glorid,
719 1359 850 1436 dignitate
863 1372 925 1418 tam

55 1445 85 1495 ta
99 1435 132 1494 lit
153 1438 284 1497 orbatus:
313 1456 413 1497 ornnes
436 1437 557 1513 denique
580 1436 716 1507 miseros,
735 1437 785 1514 qui
797 1437 848 1495 hac
861 1435 924 1493 luce

54 1526 174 1573 careant.
212 1515 256 1574 M.
270 1514 433 1574 Revolveris
446 1513 558 1575 eodem.
595 1512 647 1573 smt
659 1513 736 1572 enim
756 1523 883 1589 oportet,
903 1511 924 1570 li

57 1588 148 1649 miseri
161 1590 231 1650 sunt.
248 1604 278 1650 tu
292 1603 387 1651 autem
401 1589 489 1650 modo
503 1589 620 1667 negabas
632 1608 681 1649 eos
694 1586 763 1660 effe,
785 1591 925 1668 quimor-

57 1665 101 1724 tui
120 1662 211 1726 effent.
231 1664 346 1745 frigitur
359 1686 419 1726 non
432 1667 510 1737 sunt,
530 1667 597 1727 nihil
612 1665 722 1743 poliunt
735 1664 788 1726 effe
804 1709 812 1736 ,
832 1666 868 1723 ita
888 1682 925 1724 ne

55 1740 149 1801 miseri
162 1743 276 1821 quidem
291 1742 379 1803 dsunt.
398 1745 435 1805 A.
454 1745 524 1803 Non
538 1742 603 1802 dico
617 1742 726 1802 forcalle
738 1744 821 1802 etiarn
832 1742 949 1819 ,quodd
966 1739 1018 1792 sunt
1072 1806 1076 1811 ,

54 1816 154 1877 sentio.
192 1838 257 1880 narn
272 1820 339 1883 illuc
351 1819 438 1896 ipsum
454 1862 464 1890 ,
483 1837 543 1880 non
556 1816 633 1890 elle,
661 1819 726 1880 cum
747 1820 851 1888 fueris,
872 1820 926 1878 mi·
934 1807 1077 1870 ΝΜ

56 1892 201 1956 sertimum
231 1909 308 1973 puto.
363 1898 408 1956 M.
428 1897 507 1972 Quid
540 1896 661 1955 miletius
692 1894 777 1973 quim
807 1898 926 1957 omnino

56 1988 216 2107 numquam
237 1972 314 2032 fuille
330 1972 343 2030 ?
360 1974 421 2042 ita,
441 1974 489 2050 qui
509 1972 635 2032 nondum
660 1974 717 2031 nati
737 1972 821 2042 sunt,
842 1972 931 2035 miseri

55 2046 118 2125 jam
143 2061 209 2120 unt,
229 2051 293 2127 quia
306 2066 366 2110 non
378 2048 460 2109 sunt:
481 2052 511 2112 δι
532 2066 585 2109 uos
608 2046 677 2124 ipli,
700 2049 794 2129 srpoll
807 2060 933 2109 mortem

877 2129 934 2200 mis

94 2312 134 2356 26.
150 2308 178 2354 Si
189 2310 245 2355 etaim
256 2307 320 2369 fiant,
335 2320 440 2371 nusquam
449 2306 486 2368 effe
494 2325 535 2355 non
543 2307 645 2371 {ruffinum}
662 2310 690 2357 ln
701 2310 753 2357 MS.
764 2308 843 2372 Regio
854 2310 933 2374 Lupa·

60 2366 141 2424 send,
157 2369 204 2419 sive
220 2368 370 2419 Bibliotheca
388 2372 449 2436 regis
466 2371 551 2419 Gallia
568 2405 575 2428 ‚
601 2384 673 2433 quem
694 2372 719 2418 in
740 2370 807 2431 hujus
822 2369 934 2425 editionis

61 2433 172 2492 margine
183 2432 228 2481 defi
248 2448 303 2481 nare
313 2432 379 2481 soleo
396 2434 471 2483 literis
484 2436 536 2483 MS.
552 2439 581 2499 lt.
599 2432 792 2496 eodem-quideru
806 2434 883 2483 modo
897 2438 934 2486 le·

62 2495 140 2559 gitur,
157 2449 305 2544 dillingione
319 2510 427 2551 mutatu,
448 2511 499 2559 que
510 2498 605 2560 ponitur
615 2497 666 2553 post
676 2512 790 2561 nemum.
819 2498 886 2560 quod
900 2500 933 2551 de

63 2555 143 2604 nihilo
154 2557 253 2606 nonest.
282 2560 387 2621 cogitent
398 2560 446 2607 alii.
480 2557 520 2609 Est
530 2573 610 2608 autem
620 2559 661 2608 ille
672 2559 748 2609 codex
758 2574 875 2609 annorum
886 2565 933 2613 cir·

61 2620 123 2667 citet
135 2633 217 2668 neec.
234 2633 378 2668 memoratus
392 2636 406 2668 a
417 2620 530 2671 salmasio
541 2621 629 2686 prefat.
642 2623 665 2670 in
676 2624 791 2672 solinum.
820 2624 917 2687 l'erlurg.

99 2696 138 2734 27.
155 2683 262 2743 Nousar-
278 2687 310 2728 ira
326 2686 399 2738 hebet,
424 2697 448 2730 ut
463 2685 515 2741 istae
534 2688 625 2743 dicam]
654 2685 693 2733 Est
706 2687 778 2735 lestio
790 2686 877 2734 codicis
892 2690 932 2737 Pi·

63 2743 180 2801 ahesani,
197 2759 269 2809 quarn
284 2743 416 2794 afferuimus
433 2747 458 2795 in
475 2747 613 2810 crepundiis
629 2762 658 2796 ex
676 2750 754 2809 primo
768 2762 865 2811 quoque
881 2752 929 2801 Pal.

65 2804 197 2919 ghfflitqge
208 2820 283 2872 quart.
294 2811 370 2871 quint.
383 2809 470 2861 Ulrich.
487 2808 528 2860 suo
544 2811 616 2872 istud..
632 2811 730 2876 vulgo:
746 2818 781 2861 Ut
796 2813 837 2873 asta
852 2814 933 2865 dicam.

95 2885 108 2919 e
142 2886 190 2922 ar.

98 2942 136 2983 28.
154 2935 261 2994 Mtfirum
272 2938 308 2982 en.
320 2937 461 2995 Pompeium,
475 2939 516 2998 qm·
530 2932 592 2984 tanea*
602 2936 675 2998 gurd
686 2936 716 2996 fir
731 2937 834 2995 orbana]
861 2935 937 2986 Addit

66 2998 184 3048 vidorius
194 2999 219 3046 &
232 2996 308 3046 vatic.
324 2998 427 3058 dignitate
436 2996 506 3046 tanti.
527 2996 565 3047 sed
580 3013 634 3047 cum
649 3000 709 3049 illud
721 3015 799 3061 nequo
809 3002 834 3048 in
844 3000 939 3048 Guliel-

67 3061 153 3108 mianis
173 3059 296 3115 omnibus,
312 3073 388 3122 neque
399 3059 456 3109 Pall.
472 3061 560 3112 Uirieh.
582 3074 653 3126 atque
670 3063 731 3111 adeo
751 3062 856 3111 editione
878 3061 936 3113 aldi

67 3121 196 3181 habeatur,
211 3122 384 3172 excludendum
394 3122 542 3172 existimavi:
559 3139 637 3189 neque
647 3140 686 3176 ma
704 3138 792 3189 nopere
807 3125 851 3174 illo
864 3140 882 3175 o
898 3141 936 3177 us.
1013 3156 1016 3161 ,

70 3185 137 3237 Idem.
168 3191 281 3249 nignitate
301 3194 383 3246 tanta]
410 3190 486 3235 nasce
501 3200 571 3236 voces
594 3187 674 3238 omifit
687 3142 762 3254 ffanue
776 3188 872 3239 Gebhar
887 3204 936 3246 us;

70 3262 117 3304 nos
132 3262 163 3298 erc
174 3254 238 3301 MSS.
250 3250 325 3300 vatic.
337 3250 435 3299 Nervis.
447 3252 473 3299 ὅτ
483 3247 540 3298 edit.
560 3256 618 3302 ven.
635 3252 734 3318 aliisque
742 3250 856 3302 oneribus
866 3266 941 3302 reto-

70 3309 159 3371 eandas
169 3310 311 3369 censuimus,
327 3316 382 3363 lieet
391 3315 486 3362 exulare
496 3312 604 3374 iuberent
620 3317 692 3367 etiarn
709 3315 801 3364 sanlius
816 3318 842 3364 δι
860 3314 936 3369 Aldus

70 3375 191 3422 Manutil:
207 3374 306 3439 glolsatu
318 3379 383 3431 enirn
394 3392 444 3426 non
454 3377 539 3433 olent,
555 3391 579 3427 ac
590 3392 630 3430 eas
641 3380 655 3430 'a
668 3378 791 3433 nonnullis
803 3377 882 3429 codd.
894 3392 938 3427 ex·

71 3435 140 3506 lllfil
151 3436 299 3505 librariorum
308 3441 405 3508 insuda
438 3442 552 3500 Davsstus.

439 3506 494 3567 sbi
508 3506 555 3559 tlt
569 3507 632 3576 ὑὸς
857 3517 902 3560 ῑῖι
913 3504 964 3566 22⁸
