2318 3914
110 97 659 181 latoreanutttue.
741 106 822 181 2777

36 210 69 277 c,
86 202 145 265 five
158 202 225 266 iliud
239 201 289 271 stt,
307 201 338 261 in
350 199 410 261 solo
431 196 485 259 esse
507 198 635 277 sapiente.
673 209 703 255 4²
711 196 758 258 Est
771 215 823 258 au·

36 281 151 361 ,uanam
165 281 251 343 animi
264 278 360 339 sanitae
376 323 386 351 ,
403 295 469 355 quae
488 277 517 336 in
538 275 711 352 insipientem
735 276 819 335 etiam
830 247 950 363 QZ*

35 402 44 431 ,
65 356 130 421 cum
143 359 311 419 ¹¹curatione
324 356 501 417 medicorum
516 353 713 413 ⁰conturbatio
721 354 821 413 mentis
831 378 915 437 timp

37 454 79 498 ur.
97 437 153 507 Et,
173 449 204 496 ut
218 434 342 510 corporis
357 433 394 493 est
408 430 541 511 quaedam
556 442 619 509 apta
633 431 719 509 figura
732 447 823 489 mem-
836 454 870 512 31

36 532 82 585 m,
101 532 166 574 cum
182 512 284 573 coloris
297 511 419 598 quadam
439 510 571 597 suavitate
585 531 607 597 ;Ι
617 526 705 597 eaque
726 507 824 568 dicitur
834 528 850 560 o
863 581 867 589 ἱ
873 510 976 590 perturb.

36 590 128 650 tudo:
149 589 186 649 fic
218 590 249 649 in
270 605 385 657 annuo,
405 604 573 661 opinionum
601 584 826 665 judiciorumque
834 577 884 628 ⁶²¹⁶·

37 666 141 727 nbilitas
175 668 206 726 be
226 662 402 734 constantia,
421 680 488 721 cum
502 661 632 751 firmitate
654 662 774 751 quadarn
795 662 851 733 &p
867 669 963 736 aquali·

36 755 90 802 tate
104 744 237 803 virtutem
252 740 428 818 subsequens,
448 750 497 799 aut
518 752 624 799 tumus
645 758 704 799 urm
719 737 961 815 arpsamttttdwtt·

36 837 113 890 rens,
133 816 288 896 pulcritudo
303 830 428 879 vocatur.
465 817 596 894 Itemque
609 818 709 877 viribus
724 833 825 891 corpo·
834 795 914 908 231²,ss

36 898 184 966 ienervis,
211 897 242 955 &
262 893 418 954 efficacitati
438 892 537 952 similes
571 892 700 953 similibus
736 892 826 951 verbis
898 894 906 913 ⁸

36 1022 39 1031 .
65 975 138 1032 vires
165 973 355 1033 nominantur.
392 971 534 1029 Velocitas
570 983 665 1029 autem
704 969 827 1045 corporis

36 1059 73 1107 tas
87 1050 252 1126 appellatur:
272 1065 337 1126 quae
351 1046 451 1107 eadem
466 1045 572 1122 ingenii
588 1049 673 1106 etiam
695 1047 752 1106 laus
776 1048 826 1105 ha·

57 1138 170 1202 propter
197 1126 284 1187 animi
312 1125 461 1185 multarum
482 1140 576 1184 terum
599 1124 676 1185 brevi
695 1137 826 1200 tempore

36 1200 186 1268 ursionem.
833 1186 952 1301 ‘sim‘

745 1278 825 1339 XIV.
833 1268 928 1365 ἓξ]

833 1376 961 1443 percurba-

46 1445 116 1489 ενα,
132 1445 158 1483 ut
173 1430 283 1491 videtur,
301 1431 423 1490 musteus,
445 1432 475 1491 cli
487 1434 544 1479 enim
558 1435 657 1497 eorporis.
673 1432 752 1492 aliie,
771 1436 823 1495 sunt
833 1450 937 1493 nesporo,

36 1498 130 1563 tunimo.
151 1501 251 1560 eorporis.
268 1496 387 1549 Gebhard.
404 1494 522 1559 Bentlejus
532 1496 607 1562 legit,
618 1511 642 1548 ur
652 1499 710 1546 enirn
719 1502 825 1561 corporis,

36 1558 125 1620 equiem
130 1560 162 1618 fic
171 1564 249 1610 animi.

40 1620 80 1681 Est
91 1636 163 1669 eutem
172 1625 267 1687 quadam
276 1626 347 1670 animi
353 1623 458 1683 sarnitan]
472 1627 530 1673 Non
541 1622 625 1672 celabo
635 1621 749 1673 lestorem
761 1657 769 1681 ,
786 1638 827 1673 me

36 1685 111 1748 risque
120 1684 177 1735 libb.
188 1699 246 1737 rett.
257 1685 366 1750 scriptum
377 1685 483 1750 reperisse
495 1704 501 1735 ε
518 1688 637 1747 Elicerem
648 1691 744 1748 quartana
758 1689 830 1736 animi

36 1764 51 1805 *,
64 1763 110 1811 qua
121 1753 145 1795 in
156 1751 285 1811 instpientem
293 1752 359 1796 etiarn
369 1753 432 1796 eadat
443 1782 451 1808 ,
465 1767 513 1797 eum
524 1752 630 1797 curatione
645 1751 671 1801 ὑ
686 1753 834 1813 perturbatio·

36 1809 120 1859 tiaran
130 1813 259 1859 conturbatio
274 1815 350 1858 mentis
359 1813 407 1869 anf.
419 1814 465 1864 irc.
481 1826 554 1875 quam
564 1812 699 1873 scripturam
710 1813 764 1873 quis
777 1827 829 1862 non

36 1869 80 1922 effe
94 1871 255 1923 mendosam?
271 1875 296 1923 be
308 1873 373 1928 boe,
392 1877 563 1936 perturbatione,
579 1873 594 1922 i
609 1874 721 1936 scriptore
733 1876 831 1925 libratio

36 1933 168 1998 ascriptum
180 1934 227 1984 esse
237 1949 332 1999 propter
345 1950 431 1985 vocem
447 1940 596 1992 conturbatio,
610 1949 661 1998 qua
676 1937 785 2002 proximi
798 1939 833 1987 se·

35 2031 43 2048 .
74 1996 138 2061 Quid
152 1997 170 2047 fi
181 1997 307 2061 quisdicat
318 2033 326 2055 ,
348 2011 378 2047 ex
389 2002 433 2048 bac
443 2001 527 2050 vitiata
537 1997 646 2063 scriptura
658 1997 689 2048 ste
699 1998 747 2049 effe
762 2015 833 2064 repo-

36 2061 77 2112 mi
93 2063 132 2122 Est
140 2074 212 2109 autem
221 2063 320 2124 quadarn
329 2065 400 2110 animi
405 2064 505 2122 sanitas,
520 2079 565 2128 qua
577 2067 599 2108 in
610 2061 671 2124 infip.
684 2068 751 2110 etiarn
761 2066 832 2120 toda,

36 2128 122 2173 tratione
136 2127 266 2172 medicorum
282 2126 308 2176 <ln
318 2137 360 2187 pur
372 2129 460 2182 atione,
480 2127 610 2175 conturbatio
630 2131 706 2173 aaronis
725 2125 833 2183 aufertur,

37 2184 74 2236 dr.
84 2188 206 2237 Tutnebue
223 2199 314 2237 noram
333 2139 375 2252 bigo
386 2189 517 2239 lestionem
533 2192 559 2240 bt
577 2186 647 2238 ratde
664 2188 834 2252 avulgata&

36 2251 101 2314 tiqua
126 2250 296 2314 discrepantem
311 2253 451 2316 excogitat,
481 2268 532 2317 quae
551 2252 605 2301 talis
626 2250 677 2301 est:
709 2254 748 2309 Ett
762 2268 836 2299 aaran»

36 2330 53 2360 ru
79 2316 152 2363 animi
176 2316 299 2376 insanitas,
330 2331 377 2379 quo
402 2320 428 2364 io
448 2318 564 2379 sapientem
589 2318 655 2362 etiam
679 2316 742 2364 cadat
758 2348 766 2369 ,
785 2334 835 2362 cam

36 2394 77 2432 *ner
92 2380 137 2430 &aa
153 2392 178 2427 ut
189 2377 271 2441 vulgb.
288 2380 387 2429 contin
419 2380 539 2439 Estaotrrn
546 2380 724 2443 quadamtenima'
738 2380 836 2439 finitas,

36 2441 167 2503 *sapientem
184 2443 251 2488 etiarn
267 2443 351 2496 eada,
381 2442 431 2489 cim
445 2447 550 2491 curatione
566 2442 696 2489 medicorum
705 2444 835 2488 conturbatio

45 2504 164 2564 capitana]
179 2509 273 2553 Secutus
283 2502 332 2553 sunt
341 2504 470 2554 vinarium
480 2508 506 2555 be
517 2504 652 2553 Turnebum
661 2538 667 2560 ,
675 2505 747 2554 Palat.
756 2506 833 2564 quint.

36 2568 143 2630 ineliquis
150 2565 449 2626 ferbomnibusmffiitesiet
456 2568 567 2630 talequid
574 2571 777 2618 tcamaaratr'onab
785 2580 834 2629 prr-

36 2633 76 2676 'ena
91 2633 220 2678 medicorum
235 2631 364 2677 conturbatio
380 2648 410 2685 en,
428 2648 449 2680 a.
471 2631 534 2680 unde
553 2629 702 2686 Lambinus,
727 2634 835 2678 curatione

36 2695 129 2745 rrum&
145 2697 273 2756 purgatione.
292 2694 317 2741 in
326 2693 402 2744 vatic.
415 2693 480 2757 supet
490 2708 548 2742 voce
567 2694 721 2755 perturbatione
747 2691 836 2755 reposi-

36 2754 71 2809 st,
82 2758 242 2818 gubernatione,
258 2754 288 2803 de
299 2757 524 2821 qnmempiiandnm
535 2756 626 2805 censeo.
660 2758 685 2802 itt
697 2755 834 2804 fabriciano

36 2834 82 2862 cum
94 2821 201 2866 curatione
211 2821 237 2871 ir
247 2820 409 2880 procuratione,
424 2821 460 2867 cui
472 2854 480 2877 ,
494 2820 511 2869 fi
524 2833 606 2868 tamen
616 2818 674 2880 quid
691 2818 724 2867 est
736 2851 744 2874 ,
760 2818 835 2880 longe

36 2894 60 2927 to
73 2881 220 2930 Vaticanum.
241 2883 373 2932 Gebbardrre.
406 2889 485 2942 Quum
502 2884 558 2932 citet
575 2886 598 2929 in
610 2883 726 2943 sopierunt
743 2914 750 2936 ,
768 2882 793 2928 bt
809 2882 835 2928 in

36 2956 115 3002 noque
132 2957 197 3005 parte
209 2941 311 2992 secutum
334 2946 355 2993 se
373 2946 467 2994 testetur
487 2948 550 2995 vitos
566 2945 622 2992 illos
644 2942 791 2991 doctiss'rmos
807 2945 833 2991 &

36 3020 59 3053 os
70 3006 157 3062 libros,
174 3008 198 3054 in
210 3006 293 3069 quibus
303 3006 335 3054 est
347 3011 372 3056 δι
389 3011 534 3062 vaticanus,
552 3020 633 3055 tumen
648 3005 718 3054 edere
733 3007 832 3067 pertexit

36 3072 138 3127 mentem.
156 3066 257 3131 sequutia
267 3070 328 3117 hanc
339 3071 466 3131 primatum
478 3073 579 3134 patrium
590 3071 656 3125 iilis,
671 3084 722 3131 qnae
733 3082 831 3132 egerunt

36 3134 70 3180 ias
81 3132 182 3181 adhunc
195 3133 267 3182 diem.
285 3132 372 3180 Viderit
385 3133 541 3183 Gebhatdus:
556 3148 602 3195 ego
615 3133 746 3181 notandum
762 3145 831 3193 puta-

36 3212 105 3245 tonov.
138 3196 176 3255 Est
190 3211 261 3243 autem
277 3199 372 3258 quadam
388 3202 458 3243 animi
470 3200 570 3256 fitnitas,
600 3211 645 3259 qua
661 3199 683 3241 in
700 3195 829 3257 infipierrtem

37 3258 119 3316 aedat]
135 3260 231 3313 Miror,
249 3258 320 3306 Hadt.
337 3261 472 3307 Turnebum
489 3256 583 3307 Aduers.
605 3256 645 3305 lib.
659 3272 707 3305 vtt.
725 3272 775 3320 cap.
790 3274 827 3314 17.

36 3317 109 3381 ¹bisse,
124 3321 152 3379 est
161 3337 232 3369 autern
243 3324 339 3384 quedam
348 3327 416 3367 animi
427 3325 542 3376 insanitas,
557 3338 600 3377 eruo
612 3324 635 3365 in
644 3321 829 3377 sapienternetr'atn

36 3399 43 3438 ς
59 3396 103 3430 nee
112 3385 190 3432 minus
206 3385 292 3439 miror,
307 3384 369 3432 banc
380 3386 539 3441 eonjesturam
552 3390 581 3431 l).
593 3383 712 3431 Lambino
723 3385 830 3433 maxirn‘e

36 3444 110 3496 biicnt
119 3447 205 3507 videris
219 3447 289 3500 iiiam
300 3448 366 3499 enim
373 3448 444 3512 plant
455 3446 577 3498 absurdam
587 3444 831 3557 eii'edocentsequgra·
