2318 3914
259 90 743 193 Isrn'rnPnrnus.
856 141 940 210 2575

105 246 156 306 Χῖ.
176 247 268 317 Nrsr
295 264 376 317 oua
395 261 443 303 me
462 241 535 303 sorte
557 242 691 317 fugiunt,
715 242 762 299 hae
790 238 851 301 suut
877 237 937 299 fere

65 326 198 383 omnium
228 325 263 382 de
298 325 394 381 animo
428 321 579 378 sententiae.
624 318 823 376 Democritum
860 318 938 375 enirn

66 417 201 475 magnum
221 398 334 475 quidem
364 398 442 455 illum
474 396 597 465 virum,
634 393 681 451 sed
704 394 809 452 levibus
842 393 872 450 δι
891 409 938 450 ro-

65 477 158 534 tundis
178 476 342 550 corpusculis
368 473 534 530 efficientem
561 472 687 531 animum
715 467 847 528 concursu
866 484 938 543 quo-

67 551 132 609 dam
148 551 286 620 fortuito,
303 550 477 609 omittamus.
515 547 583 607 nihil
606 547 644 606 est
666 546 742 604 enim
764 542 939 620 apodritos,

66 628 144 704 quod
156 645 214 687 non
231 640 393 686 atomorum
406 626 483 683 turba
498 622 637 682 conficiat.

106 704 215 763 Harum
229 703 424 762 sententiarum
439 718 503 777 quae
517 717 583 758 vera
605 698 637 757 sit
669 696 736 757 deus
749 696 844 772 aliquis
859 694 937 781 vide·
947 706 986 779 23·

68 779 102 837 rit
117 799 125 836 :
145 798 210 855 quae
225 778 429 837 ‘verisimillima
462 793 563 852 magna
575 774 691 851 quaestio
707 773 753 831 est.
771 772 864 831 utrum
885 773 936 847 rgi·
977 836 985 851 ‚

66 868 112 913 tur
125 858 218 913 ninter
232 856 279 913 has
300 854 442 913 sententias
465 852 612 927 dijudicare
632 850 818 920 ⁰malumus‚
845 866 880 906 an
900 848 934 905 ad
946 848 1039 902 ululet
1082 906 1086 919 ,

66 931 240 1006 propositum
254 930 368 989 redire?
389 930 425 987 A.
441 929 580 1004 Cuperem
596 927 726 1004 equidem
740 902 1087 1014 utrumque‚s1f‚‘²ffl'²⁵⁴

68 1005 158 1082 posset
173 1027 180 1064 ι
201 1007 247 1065 sed
259 1019 273 1062 Ρ
284 1007 320 1065 est
333 1006 441 1065 difficile
455 1006 656 1064 aconfundere.
693 1002 822 1078 quaresi,
842 1012 873 1059 ut
888 1001 935 1058 illa
943 1032 997 1078 MS.

68 1102 130 1142 non
145 1081 316 1152 disserantur,
333 1083 439 1142 liberari
452 1083 549 1140 mortis
562 1093 640 1139 metu
653 1078 812 1155 possumus,
831 1077 859 1136 id
870 1094 959 1155 aga-p
972 1088 1021 1141 effe

68 1177 141 1217 mus.
179 1158 218 1219 sm
232 1159 259 1217 id
273 1178 332 1218 non
345 1158 434 1236 potest
448 1200 456 1225 ,
475 1158 525 1216 nisi
538 1160 590 1215 hac
604 1157 755 1233 quaestione
775 1156 934 1213 animorum
944 1156 1015 1201 Bentl-

68 1235 227 1308 explicata,
246 1254 344 1305 nunc,
371 1236 391 1293 sr
411 1234 518 1292 videtur
534 1276 542 1302 ,
561 1235 638 1291 hoc:
658 1232 748 1302 illud,
782 1230 854 1289 alins.
891 1230 960 1289 MA
976 1232 1029 1265 ¹¹⁰⁰

69 1313 254 1387 Quodmalle
266 1324 294 1370 te
307 1311 430 1387 intelligo
445 1351 453 1377 ,
473 1312 501 1368 id
514 1322 583 1386 puto
598 1306 650 1368 esse
665 1306 850 1366 commodius.
876 1304 933 1364 effi·
944 1280 1069 1393 ξὲἓξυζζῗξ

69 1389 127 1446 ciet
138 1390 295 1447 enimratio
311 1430 320 1458 ‚
339 1401 370 1447 ut
382 1404 570 1464 quaecumque
588 1404 652 1444 vera
674 1385 705 1442 sit
720 1400 813 1443 earum
827 1382 934 1440 senten·
945 1411 996 1457 MS.
1009 1402 1086 1453 confi-

70 1465 191 1534 niorum,
210 1482 276 1540 quas
290 1464 421 1541 exposui,
441 1481 515 1523 mors
529 1476 576 1522 aut
590 1463 694 1521 malum
709 1478 769 1519 non
782 1458 830 1529 fit,
849 1469 896 1518 aut
902 1457 934 1516 srt
943 1482 993 1535 repe
1001 1469 1074 1527 unu,

72 1541 178 1598 bonum
194 1539 293 1616 potius.

113 1618 188 1674 Nam
202 1617 223 1674 fi
237 1634 303 1686 cor,
321 1628 369 1676 aut
382 1618 502 1694 sanguis,
521 1628 568 1676 aut
589 1614 730 1675 cerebrum
752 1610 790 1672 est
805 1614 912 1672 animus
927 1636 985 1693 ,24
1048 1684 1053 1691 Ι

72 1692 166 1763 certe,
184 1695 317 1768 quoniam
334 1693 371 1751 est
387 1712 509 1769 corpus,
534 1694 653 1753 interibit
675 1709 739 1750 cum
754 1691 861 1765 reliquo
876 1706 940 1748 cor-

73 1786 158 1843 pore:
179 1767 235 1828 anfi
249 1771 341 1829 anima
356 1769 394 1828 est
407 1767 533 1841 sortasse,
553 1768 732 1845 dissipabitur:
752 1767 873 1844 siigniS,
880 1782 946 1902 ἐξ

71 2011 99 2060 dl
116 2010 157 2059 καὶ
175 2012 299 2073 ΔιιίωωχΘι
316 2012 410 2062 dederet.
430 2011 490 2061 Vide
499 2011 540 2061 lib.
552 2026 584 2062 11.
600 2010 631 2061 de
641 2012 722 2062 Anim.
733 2024 782 2077 cap.
792 2025 814 2062 1.
828 2025 857 2063 ac
868 2009 943 2063 Chal·

76 2072 166 2123 cidium
180 2075 206 2122 in
218 2075 321 2123 Platonis
331 2076 395 2124 Tim.
406 2088 429 2137 p.
439 2090 491 2130 310.
506 2076 571 2138 seqq.
603 2077 717 2134 Davissus.

107 2153 145 2196 4⁹·
162 2139 189 2183 Si
199 2146 236 2183 aer
247 2137 287 2196 est,
299 2136 387 2198 forraffe
398 2137 547 2202 diffipabirur.]
560 2142 641 2187 sermo
650 2138 683 2188 est
689 2138 720 2187 de
726 2137 807 2187 animo
814 2172 820 2193 ,
827 2136 852 2186 id
863 2136 896 2186 est
903 2156 944 2188 nea

74 2198 96 2260 ρὶ
110 2199 195 2262 ψυχῆς.
218 2202 323 2263 Exponit
333 2214 412 2249 autem
422 2202 496 2250 varias
506 2198 649 2250 diversorum
660 2203 786 2266 opiniones
797 2200 826 2249 de
838 2201 887 2258 eius
898 2215 944 2249 na-

73 2274 136 2310 tura.
168 2264 282 2325 Quamvis
293 2263 363 2326 igitur
377 2263 492 2313 sententia
502 2264 585 2312 eadem
602 2262 649 2313 sir:
666 2266 721 2327 quia
735 2277 817 2315 tamen
832 2263 896 2321 alia,
913 2263 944 2312 ab

76 2322 123 2373 hac
139 2337 247 2389 recepta,
263 2325 351 2375 vetusta
361 2326 393 2374 est
403 2327 493 2383 leslio,
510 2326 582 2375 visum
594 2328 627 2377 est
637 2327 683 2377 hoc
698 2342 748 2376 non
759 2328 880 2391 preterire.
898 2331 944 2375 Pro

73 2396 114 2433 aer
131 2390 196 2436 enim
224 2393 297 2435 aniana
321 2389 398 2439 estin
413 2389 593 2453 manuscriptis:
621 2390 686 2453 qnod
703 2389 756 2438 sane
768 2388 882 2437 sincerum
898 2389 946 2438 esse

77 2463 144 2513 puto.
162 2451 316 2500 animadveni
327 2452 426 2501 enimin
437 2453 518 2500 laceris
533 2454 580 2500 illis
595 2452 714 2515 partibus,
728 2466 779 2512 quae
790 2451 875 2501 restant
892 2445 946 2501 libri

76 2513 108 2562 de
119 2512 286 2569 Universrrare,
300 2519 396 2563 animam
406 2517 479 2563 etiam
490 2529 532 2578 pro
542 2524 590 2562 atre
600 2515 716 2578 sumptam
727 2512 790 2563 esse:
807 2514 846 2562 sed
862 2514 909 2562 hoc
920 2516 946 2574 in

77 2576 181 2638 antiquis
192 2577 362 2639 exemplaribus
370 2578 488 2641 perspexi:
505 2592 561 2625 nam
571 2578 594 2624 in
606 2577 738 2642 vulgaribus
749 2577 813 2626 idem
823 2577 889 2639 quod
906 2576 946 2626 hie

78 2637 195 2686 mendum
206 2639 342 2689 inoleverat.
376 2647 404 2687 tn
413 2640 461 2688 illis
472 2652 549 2687 autent
561 2638 594 2687 src
604 2641 688 2704 legitur
700 2656 706 2687 ι
722 2642 789 2703 Qud
798 2654 844 2687 rum
854 2644 945 2697 eveniet,

78 2699 127 2746 edm
139 2702 194 2755 illa,
209 2716 252 2762 qua
264 2719 290 2746 er·
300 2705 357 2764 igni,
373 2718 446 2767 aque,
464 2705 538 2749 anima
548 2715 611 2766 arque
619 2717 677 2753 terra
687 2705 807 2749 turbulente
817 2703 843 2753 dr
855 2707 947 2749 rationis

79 2766 174 2823 erpertia
189 2765 319 2822 insederint,
337 2768 418 2812 rarione
431 2767 542 2828 depulerit.
575 2766 636 2829 Capi
652 2779 732 2815 autem
747 2764 780 2813 ibi
791 2770 887 2810 animam
902 2778 948 2828 pro

78 2836 128 2872 atre
143 2824 238 2876 dubium
254 2825 299 2874 esse
315 2842 365 2875 non
380 2827 469 2891 potest,
485 2842 539 2876 cum
553 2842 654 2889 quatuor
670 2844 716 2885 ea,
732 2840 784 2890 qua
800 2828 948 2890 appellamur

78 2890 198 2938 elementa
212 2923 219 2946 ,
237 2889 405 2938 nominentur:
427 2889 466 2939 sed
480 2905 509 2938 ex
520 2895 604 2939 Graeco
618 2890 732 2955 praecipue
747 2888 829 2937 codice
845 2888 950 2937 manife-

78 2952 140 3001 stum
152 2951 179 3000 fit
192 2986 200 3007 ,
215 2951 254 3000 ubi
265 2954 307 2999 illa
317 2951 403 3000 eodem
413 2953 497 3002 ordine
507 2966 657 3016 exponuntur
671 2970 678 3000 t
696 2956 721 3003 δι
733 2966 784 2999 non
798 2951 877 2999 multo
887 2950 950 3001 infra

80 3016 105 3063 in
120 3014 219 3064 iisdem:
237 3018 358 3062 Peniculus
374 3018 446 3078 agnas,
462 3018 488 3068 dr
504 3029 582 3071 terre,
598 3020 624 3070 d·
636 3032 713 3078 aque,
728 3015 755 3066 dn
765 3018 840 3061 anime
855 3012 870 3059 ἆ
886 3031 952 3061 murt-

81 3079 129 3134 do,
160 3095 198 3126 aas
213 3081 286 3133 rursus
302 3080 427 3135 redderent,
446 3081 604 3128 mutuabantur.
638 3082 702 3126 Cum
717 3089 797 3125 autem
815 3085 853 3127 ase
868 3081 951 3126 Graeca

82 3155 131 3188 vox
140 3095 182 3197 dt,
197 3142 306 3204 quamvis
317 3141 356 3189 usu
367 3154 460 3205 recepta
491 3141 525 3190 ost
542 3141 611 3190 suerit
627 3139 640 3188 l
655 3140 765 3195 Latinis,
780 3138 905 3189 verisimile
916 3139 950 3189 est

81 3202 147 3252 snam
157 3205 229 3253 etiam
239 3207 265 3255 δι
277 3205 396 3269 propriam
402 3219 448 3267 qua
483 3219 522 3252 arn
534 3218 574 3251 eos
585 3202 701 3258 habuisse,
717 3203 764 3266 qud
774 3201 834 3250 illud
845 3202 952 3251 elemen-

79 3279 135 3314 rum
145 3268 288 3329 appellarent
299 3280 354 3316 ante
365 3268 438 3331 qulm
449 3265 533 3316 hanel
547 3269 632 3316 Grecis
645 3277 812 3315 mutuarentur.
840 3280 893 3315 earn
909 3279 952 3313 au⁴

80 3343 132 3378 rem
143 3342 189 3391 ego
199 3330 307 3379 existimo
323 3332 384 3380 hanc
398 3330 483 3387 inisse,
506 3329 570 3387 cuius
584 3325 680 3377 sorraffe
698 3329 764 3378 vario
779 3327 953 3391 multiplicique
1029 3366 1044 3385 ,

79 3390 214 3457 fignificatu
224 3390 307 3443 offensi
317 3399 399 3443 Graeca
409 3397 442 3444 uti
454 3392 594 3443 maluerunt.
625 3392 740 3454 Quamvis
752 3404 830 3440 aurem
841 3391 953 3438 omnibus

79 3468 168 3509 norum
178 3452 303 3520 eslepoffir
320 3466 390 3509 aerem
405 3462 515 3510 Graecum
532 3470 624 3505 nomen
642 3454 711 3515 elle,
738 3468 768 3507 m
780 3451 969 3504 tamencum»

494 3530 539 3575 (cc
555 3541 599 3574 sss
614 3540 643 3572 te
925 3509 988 3557 W·
