2318 3914
238 145 319 226 2614
379 140 980 208 Tuscun.Drsrornrrouunr

237 251 334 307 attinet
347 249 510 322 nominare,
543 262 660 326 nepotes
685 251 715 309 ὃ(
728 248 783 309 filii.
820 249 875 308 Sed
887 248 958 326 qnid
980 250 1115 327 agimus?

238 324 351 384 oblitine
368 325 475 395 sumus,
494 329 550 388 hoc
564 344 639 386 nunc
654 326 732 385 nobis
753 322 807 384 esse
827 322 1030 401 proposstum,
1050 326 1114 388 cion

237 399 297 458 satis
310 401 346 461 de
361 404 512 462 aeternitate
533 399 713 470 dixissemus,
739 419 775 460 ne
791 399 811 459 fi
830 402 976 465 interirent
996 404 1114 479 quidem

238 477 348 548 animi,
374 479 525 555 quidquam
541 479 605 537 mali
620 476 673 536 e'sle
696 479 724 535 in
747 476 858 535 morte?
898 477 936 536 A.
958 478 1025 553 Ego
1046 479 1114 539 veris

89 547 192 627 13!ssst
207 550 230 595 in
241 555 441 613 memineram:
460 555 507 614 sed
520 566 548 613 te
562 555 597 613 de
612 554 765 613 aeternitate
779 552 918 612 dicentem
934 553 1066 614 aberrare
1081 556 1113 615 ‘i

89 615 151 664 ‘²¹¹⁸
240 629 382 703 proposito
397 629 476 688 sacili
489 629 617 706 patiebar.

194 693 229 783 8}
278 706 411 764 XXXIV.
429 707 472 764 M.
491 707 624 766 Vrono
645 717 673 764 te
694 703 766 765 ⁸alte
787 704 905 782 spectare
941 706 973 764 δι
988 705 1111 766 velleio

90 786 102 820 ³
117 770 166 820 ¹¹²²
180 772 231 818 ⁶1¹⁸·
243 781 343 840 caelurn
358 784 519 859 remigrare.
553 784 589 841 A.
604 783 690 858 Spero
705 782 766 841 sore
785 824 794 852 ,
813 793 844 840 ut
858 781 1005 857 contingat
1017 782 1049 840 id
1064 801 1115 842 no

243 856 290 914 bis.
318 857 364 916 sed
378 859 440 928 sac,
459 868 490 916 ut
504 857 544 917 isti
558 859 673 927 volunt,
693 859 802 917 animos
816 875 874 915 non
889 874 1042 917 remanere
1056 859 1113 933 posi

243 945 375 992 mortem.
412 935 497 992 rideo
513 952 581 1002 nos,
600 934 621 992 sr
636 934 673 991 ita
688 933 737 1002 srt,
757 934 855 1009 privari
868 932 914 1008 spe
926 934 1061 993 beatioris
1076 936 1114 993 vi·

92 1023 102 1058 t
117 1009 156 1084 fac
166 1009 197 1065 fic
243 1020 288 1067 tae.
327 1011 451 1069 M.Mali
465 1007 612 1087 veroquid
627 1009 705 1067 affert
718 1010 764 1067 isia
776 1010 907 1068 sententia
924 1007 938 1066 i
957 1009 1025 1068 ‘sac
1038 1011 1112 1069 enim

93 1087 166 1122 “mm-
183 1078 233 1124 “¹⁶¹3
245 1084 282 1143 fic
296 1087 420 1143 animum
441 1087 577 1156 interire,
601 1098 634 1144 ut
655 1103 762 1160 corpus.
798 1097 888 1142 vnum
910 1084 995 1161 igitur
1018 1084 1112 1163 aliquis

92 1149 186 1245 {1ng
245 1160 342 1230 dolor,
362 1173 408 1220 aut
419 1163 539 1220 omnino
552 1162 613 1238 post
628 1176 749 1219 mortem
764 1161 851 1219 sensus
863 1162 893 1219 in
907 1178 1034 1236 corpore
1056 1160 1112 1220 est?

92 1275 109 1306 x
123 1233 207 1317 qinafi
244 1253 330 1293 nemo
352 1238 380 1296 id
401 1236 515 1312 quidem
537 1235 625 1297 dicit:
651 1237 723 1295 *etsi
746 1236 946 1296 Democritum
974 1235 1113 1297 insimulat

92 1326 146 1372 ras,
244 1311 391 1384 Epicurus:
411 1314 614 1372 tDemocritici
630 1324 739 1388 negant.
776 1330 814 1372 ne
832 1313 860 1370 in
880 1313 980 1371 animo
996 1312 1110 1389 quidem

91 1385 204 1438 vstsstim
242 1388 323 1461 igitur
337 1388 423 1448 sensus
436 1401 569 1448 remanet.
606 1390 661 1463 ipse
675 1391 749 1448 enirn
763 1405 899 1465 nosquam
913 1388 964 1451 est.
1003 1388 1115 1466 ubisgi·

91 1452 193 1508 nenne,
242 1475 286 1520 tur
301 1466 405 1523 malum
421 1464 478 1531 eil?
497 1466 631 1541 quoniam
645 1464 712 1539 nihil
724 1465 834 1522 tertium
850 1463 916 1523 =est
938 1476 996 1522 aan
1013 1506 1023 1535 ,
1042 1481 1112 1540 quo·

92 1510 157 1623 yffi
180 1540 318 1641 ,astulam
334 1541 387 1616 ipse
402 1542 487 1599 animi
514 1537 637 1600 discessus
659 1539 674 1598 i
696 1542 814 1616 corpore
833 1557 891 1599 non
911 1538 944 1598 fit
960 1538 1023 1599 sine
1036 1539 1113 1600 dolo·

92 1638 185 1688 inertis.
243 1614 293 1673 re?
312 1630 343 1674 ut
357 1616 466 1675 credam
482 1617 518 1675 ita
533 1613 605 1684 esse,
624 1614 708 1691 quam
722 1619 759 1674 est
773 1614 823 1674 bid
838 1617 970 1691 exiguum
990 1620 998 1673 l
1020 1617 1053 1675 δι
1066 1616 1112 1677 ral-

77 1692 107 1745 ἀ
121 1712 153 1748 ιιι
163 1700 210 1765 ipse
242 1691 301 1748 sum
318 1689 370 1750 esse
385 1693 498 1751 arbitror
519 1713 525 1750 :
561 1694 591 1750 δι
613 1691 642 1749 fit
664 1691 825 1767 plerumque
851 1690 907 1750 fine
923 1689 1021 1751 sensu:
1041 1710 1111 1751 non·

92 1765 169 1870 ἐφ’ὃ·
242 1774 395 1844 numquam
410 1769 493 1826 etiam
509 1786 573 1827 cunr
598 1768 759 1843 voluptate:
786 1779 936 1844 totumque
956 1767 1018 1827 boc
1031 1769 1110 1828 eleve

123 1823 149 1872 “¹
160 1826 190 1874 ad
242 1842 297 1911 cll,
316 1844 517 1920 qualecumque
532 1845 597 1915 esi.¹

90 1886 230 2009 exigssegb.
279 1920 323 1979 Fit
334 1921 410 1979 enim
424 1919 459 1978 ad
473 1921 608 1996 punitum
619 1920 761 1994 temporis.
800 1918 866 1978 illud
879 1919 975 1994 angit,
996 1919 1044 1979 vel
1058 1938 1107 1996 ΡΟ·

90 2028 116 2074 1³.
124 1968 231 2077 chvi.
241 1994 293 2080 tius
307 1998 462 2065 excruciat,
482 1993 603 2055 discessus
618 1995 652 2053 ab
665 1995 798 2082 omnibus·
805 1997 836 2053 iis
851 2035 860 2063 ,
879 2012 946 2070 quae
958 1994 1025 2055 sunt
1039 1996 1109 2057 bona

91 2085 190 2138 clarere
242 2088 271 2132 tn
285 2073 352 2134 vita.
390 2072 480 2142 Vide,
500 2073 567 2130 ned
584 2072 660 2131 malis
673 2071 728 2129 drcr
742 2070 831 2129 venbs
844 2070 932 2187 qoffit.
969 2071 1042 2148 quid
1055 2089 1107 2149 ego

277 2210 280 2216 ¹
911 2147 976 2221 jure
992 2144 1109 2223 possum.

91 2213 185 2292 did&
241 2221 287 2287 sed
300 2224 366 2299 quid
385 2220 492 2281 necesse
507 2223 565 2291 est,
585 2223 649 2281 cirm
670 2222 700 2281 id
724 2239 826 2296 agam,
846 2239 881 2279 ne
902 2223 963 2295 post
985 2238 1108 2282 mortem

91 2281 173 2340 David
241 2298 351 2357 miseros
366 2317 417 2358 nos
433 2312 560 2374 putemus
574 2299 652 2366 fore,
672 2299 754 2356 etiam
770 2300 856 2357 vitam
876 2297 988 2361 efficere
1011 2299 1108 2376 deplo-

240 2372 327 2432 rando
347 2374 542 2433 miseriorem?
562 2373 677 2432 fecimus
697 2374 753 2432 hoc
775 2375 804 2432 in
824 2391 860 2431 eo
879 2373 950 2432 libro
966 2415 979 2442 ,
998 2374 1029 2432 in
1049 2392 1109 2452 quo

238 2449 436 2524 nosmetipsos,
455 2463 589 2526 quantum
611 2451 775 2525 potuimus,
795 2448 928 2507 consolati
948 2449 1054 2509 sumus.
1091 2450 1109 2510 l

240 2525 317 2583 malis
332 2527 412 2601 igitur
428 2543 503 2584 mors
517 2526 641 2594 abducit,
662 2543 720 2584 non
734 2522 750 2582 i
765 2525 861 2594 bonis,
880 2541 980 2583 verum
996 2524 1110 2603 fiquae·

88 2611 193 2676 enqui-
238 2601 332 2663 rimus.
371 2602 459 2661 eHoc
473 2601 585 2677 quidem
606 2601 622 2660 l
638 2601 792 2678 Cyrenaico
807 2599 927 2686 Hegesa
941 2599 979 2659 sic
995 2600 1110 2678 copiosi

88 2676 144 2724 dem
155 2676 202 2725 ¹¹⁰⁶
239 2676 403 2752 disputatur,
422 2691 452 2737 ut
466 2679 487 2737 is
502 2677 518 2736 l
533 2695 596 2752 rege
618 2678 772 2740 Ptolemaeo
792 2677 943 2751 prohrbrtus
963 2676 1021 2736 esse
1036 2678 1111 2738 dica-

90 2742 180 2813 Mun.
198 2744 228 2788 m
239 2765 282 2812 tur
295 2755 338 2812 illa
352 2757 380 2813 in
395 2754 491 2813 scholis
506 2753 612 2822 dicere,
632 2752 706 2830 squo
721 2752 816 2823 multi,
835 2753 876 2811 his
889 2751 1009 2819 auditis.
1028 2772 1107 2814 mor·

87 2801 198 2915 fflfffflffs
238 2842 297 2889 tem
311 2830 359 2889 fibi
371 2830 418 2906 ipsr
432 2829 656 2889 sconsciscerent.

194 2901 231 3003 §4
279 2917 307 2960 50
316 2907 474 2969 Callimachi
487 2907 600 2989 quidem
622 2907 789 2983 epigramma
809 2905 838 2964 in
862 2905 1112 2969 srnnbracionm

87 3003 180 3073 quq
992 2982 1110 3043 Cleom-

87 3074 133 3118 arri·

91 2155 160 2202 deut.
243 2165 318 2206 nunc
332 2149 441 2222 lugeam
458 2149 543 2205 vitam
563 2144 739 2206 hominum?
759 2147 824 2204 vere

88 3147 106 3196 8
121 3130 221 3184 muscis·
271 3166 308 3208 49.
325 3153 428 3210 Migrare.
445 3153 481 3198 tA.
492 3149 573 3211 Spero,
588 3148 645 3205 m]
659 3144 810 3209 Elegantius,
825 3141 864 3198 fi,
885 3142 949 3191 horis
965 3143 1111 3204 literarum,

89 3210 143 3246 ‘ent
153 3200 206 3246 MS·
239 3211 322 3270 quibus
334 3210 434 3269 personae
451 3209 626 3275 fignificantur,
648 3207 748 3257 induuis
764 3244 771 3264 ,
793 3206 932 3255 continuata
946 3209 1063 3258 oratione
1079 3210 1109 3257 ita

237 3274 347 3336 legatur:
364 3277 475 3334 Migrare:
487 3275 547 3334 spero
554 3272 615 3330 fore,
630 3286 655 3319 ut
665 3276 771 3331 contingat
782 3272 806 3316 id
820 3271 878 3315 nobis
887 3283 896 3312 .·
906 3270 947 3328 sed
957 3268 1019 3326 fac,
1037 3285 1064 3318 nt
1073 3272 1109 3330 ilii

237 3340 333 3392 volunt,
350 3338 430 3380 animos
440 3353 479 3381 non
494 3352 598 3382 remanere
604 3334 649 3395 past
657 3348 752 3382 mortem.
782 3335 891 3380 videaris
902 3363 910 3387 ,
920 3332 943 3389 fi
953 3335 988 3379 ita
995 3334 1026 3394 sta
1038 3366 1047 3392 ,
1060 3338 1107 3397 pri·

237 3403 290 3446 vari
297 3399 334 3463 spa
342 3399 442 3443 beatioris
450 3402 500 3445 uita
513 3415 521 3442 :
537 3400 594 3443 masi
602 3414 652 3444 vero
665 3400 710 3449 dna.
728 3400 752 3446 P.
767 3401 861 3443 Manut.

269 3477 306 3525 50.
323 3461 449 3512 callimachi
463 3461 548 3524 quidam
564 3462 702 3523 Epigramma
723 3463 747 3509 in
768 3459 935 3527 ¹‘satisfacimus
955 3459 1109 3507 (bonitatam

65 3559 139 3648 ι
1060 3520 1109 3583 ‘sd
