2318 3914
234 141 313 226 2388
431 139 602 204 DuFrn.
625 140 797 208 Bonus
819 142 934 208 Mnn.

188 269 222 329 43
274 252 349 328 Qnae
370 252 433 311 clun
457 252 579 312 Aristoni
612 256 642 313 bt
673 255 809 331 Pyrrhoni
836 249 1028 312 omninovisa
1049 246 1110 306 sunt

235 329 404 406 pronihilo,
423 340 454 387 ut
469 330 541 388 inter
553 330 661 406 optime
679 333 769 390 valere
797 332 826 389 δι
849 326 1004 406 gravissime
1021 343 1112 400 aegro·

232 419 289 465 tare
317 406 385 464 nihil
408 405 515 540 prorsus
529 407 652 467 dicerent
665 406 807 475 interesse,
827 405 901 464 redte
919 404 1109 481 jampridem

234 494 331 541 contro
345 500 393 541 eos
428 481 525 542 esrtum
541 483 578 540 est
592 483 726 559 disputari.
766 484 833 543 dum
849 483 924 541 eninr
940 483 969 540 in
984 497 1041 538 una
1055 479 1114 535 vir·

234 571 295 617 tute
308 558 344 616 fic
360 560 455 618 omnia
469 558 523 618 esse
538 559 686 620 voluerunt
702 603 711 630 ,
729 572 761 619 ut
776 578 838 619 earn
853 575 945 618 rerum
960 556 1112 614 selestione

234 636 430 709 exspoliarent:
451 653 504 694 nec
520 637 545 695 ei
558 638 710 713 quidquam
726 680 734 707 ,
754 649 801 695 aut
815 635 890 694 unde
905 637 1041 700 oriretur,
1064 630 1113 688 da·

235 723 312 779 rent,
332 725 380 771 aut
393 713 439 770 ubi
454 714 598 772 niteretur:
622 717 753 773 virtutem
768 713 852 790 ipsam
869 754 877 780 ,
897 729 982 787 quarn
1001 707 1112 782 ample·

236 788 393 851 nubantur,
413 788 581 848 sustulerunt.
619 790 739 848 Herillus
766 802 860 849 autern
877 832 886 857 ,
906 789 940 846 ad
966 786 1111 844 scientiam

236 867 333 922 omnia
354 882 510 935 revocans,
531 884 619 925 unum
648 867 791 941 quoddam
813 867 920 924 bonum
942 865 1036 923 vidit:
1064 859 1110 918 sed

236 959 290 999 nec
307 942 465 1017 optimum,
485 958 538 1007 nec
551 961 609 1018 quo
622 945 678 1000 vita
691 944 835 1018 gubernari
850 941 937 1016 possit.
957 943 993 998 ita
1016 950 1052 996 ue
1064 938 1110 994 hic

75 1033 103 1094 ,c
120 1014 197 1088 chry}
239 1017 293 1092 ipse
311 1018 370 1092 jam
386 1017 497 1093 pridem,
514 1018 551 1076 est
571 1019 697 1094 rejectus.
724 1017 784 1095 post
804 1019 900 1077 cenim
922 958 1109 1092 Chrybppum

89 1081 219 1156 fill·‘¹¹¹¹¹¹
242 1112 300 1152 non
315 1092 377 1151 sane
392 1093 429 1152 est
444 1093 618 1170 disputatum.

90 1149 141 1192 ⁴²⁸¹·
277 1170 756 1250 Xlll.Rnsrnr1sigiturvos.
796 1179 978 1231 54narncum
999 1165 1113 1227 Acade·

69 1311 73 1318 ,
239 1247 318 1305 micis
331 1249 434 1307 incerta
447 1247 561 1306 indatio
576 1249 614 1307 est
629 1269 636 1306 2
657 1250 706 1325 qui
719 1246 786 1307 nihil
806 1250 965 1317 affirmant,
986 1247 1016 1304 ὃ(
1036 1240 1114 1321 quali

90 1329 107 1379 d
121 1328 170 1379 reri
180 1329 233 1378 alii.
241 1322 375 1397 desperata
390 1325 552 1398 cognitione
567 1323 656 1384 dcerti
681 1324 710 1383 id
724 1325 798 1400 sequi
811 1327 909 1384 volunt
924 1369 934 1394 ,
952 1322 1114 1401 quodcum-

196 1423 233 1478 44
241 1416 296 1475 que
309 1399 454 1459 verisimile
469 1401 600 1460 videatur.
641 1403 715 1460 Curn
736 1401 858 1475 Epicuro
880 1413 975 1460 autern
995 1398 1053 1458 hoc
1073 1394 1114 1454 est

240 1478 300 1552 plus
314 1477 437 1553 negotii,
456 1476 535 1553 qubd
549 1476 565 1535 ὲ
580 1478 681 1554 duplici
701 1494 803 1553 genere
824 1477 972 1553 voluptatis
993 1475 1114 1550 conjun-

150 1618 152 1622 ,
241 1552 300 1612 dius
317 1554 382 1612 est:
402 1551 535 1630 quodque
557 1555 587 1612 &
607 1555 686 1630 ipse,
714 1556 848 1613 &amici
870 1556 953 1630 ejus,
980 1553 1011 1610 δε
1033 1549 1116 1609 multi

240 1630 341 1706 postea·
366 1630 522 1690 defensores
544 1632 601 1706 ejus
621 1630 763 1709 sententiae
783 1632 917 1689 suerunt:
962 1630 994 1687 ὃς
1018 1626 1113 1686 neseio

26 1752 38 1763 .
91 1709 207 1760 ederim
240 1708 388 1784 quomodo
409 1706 459 1781 (is,
479 1708 527 1783 qui
541 1707 736 1766 audioritatenr
748 1709 894 1766 minimam
914 1705 1014 1773 habet,
1034 1714 1116 1761 erna·

91 1786 157 1822 Μ·
168 1774 200 1821 ed.
242 1785 347 1843 nimam
361 1783 557 1860 vim)populus
573 1802 638 1842 curn
654 1784 703 1842 illis
719 1784 792 1842 facit.
812 1802 883 1860 quos
900 1782 949 1841 nisr
964 1781 1116 1856 arguimus,

92 1849 138 1890 W·
242 1861 333 1920 omnis
346 1862 449 1930 virtus,
462 1877 556 1919 'omne
571 1860 654 1918 decus
670 1903 678 1929 ‚
698 1861 790 1919 omnis
811 1878 875 1918 vera
895 1860 952 1919 laus
966 1855 1116 1916 deserenda

61 1964 64 1969 ¹
93 1939 289 2008 3.Lxxlv.est.
328 1938 369 1996 lta
388 1951 545 1996 ceterorum
565 1937 702 1996 sententiis
722 1937 857 2006 semotis,
877 1936 1040 2011 relinquitur
1054 1950 1114 1992 non

242 2015 312 2074 mihi
326 2033 391 2073 curn
407 2013 627 2091 Torquato,sed
642 2016 734 2072 virtuti
754 2032 818 2072 curn
833 2012 980 2088 voluptate*
990 2010 1117 2069 certatio.

264 2110 327 2150 uurn
342 2091 456 2167 quidem
474 2091 654 2149 certationem
666 2090 773 2161 ‚homo
789 2093 818 2148 bc
832 2089 964 2147 acutus&
980 2086 1114 2163 diligens,

287 2168 407 2254 tysippus
427 2185 485 2225 non
508 2168 664 2225 contemnit
683 2208 692 2235 ,
711 2180 860 2243 totumque
875 2166 1018 2225 discrimen
1033 2162 1115 2223 sum·

215 2290 220 2321 p
239 2246 280 2303 mi
294 2246 360 2302 boni
374 2262 404 2302 1n
417 2242 514 2301 eadem
531 2245 740 2319 comparatione
755 2242 875 2318 positum
890 2254 975 2318 putat.
994 2256 1048 2314 ego
1063 2256 1116 2297 au-

111 2329 115 2334 '
238 2319 455 2385 remotissimo,
475 2318 655 2377 sthonestum
671 2319 774 2396 aliquid
790 2319 936 2378 ostendero
955 2360 964 2388 ,
982 2313 1062 2392 quod
1082 2315 1117 2376 fit

238 2396 327 2473 ipsum
350 2396 413 2454 55vi
432 2394 477 2459 sua
496 2382 613 2473 propter
627 2395 709 2474 seque
731 2395 936 2474 expetendum,
951 2389 1046 2471 jacdre
1063 2409 1117 2528 Re·

1011 2494 1019 2509 ·
1087 2487 1116 2530 ra

238 2655 321 2714 restare.
339 2655 415 2705 Aldus
425 2659 509 2720 Nepos
519 2655 642 2721 vulgavit,
658 2659 802 2720 conjungunt,
818 2654 895 2718 aptius
904 2653 935 2703 ad
950 2650 1057 2711 sensum,
1075 2650 1115 2702 sed

239 2734 290 2782 quo
302 2720 369 2778 iuret
385 2720 470 2768 malim
485 2734 532 2784 ego
545 2718 705 2784 repracsentare
721 2735 800 2768 navos
819 2719 921 2766 auctoris
942 2718 1016 2781 quarn
1033 2716 1115 2767 substi-

239 2795 305 2833 tuere
315 2783 431 2844 qualemn
450 2797 479 2830 ue
488 2785 653 2847 mangonium.
671 2799 726 2831 narn
738 2780 755 2830 si
765 2782 876 2832 voculam
886 2794 1031 2844 repetamus,
1044 2778 1115 2830 &ist-

241 2846 292 2896 hec
308 2847 417 2909 proxime
432 2797 583 2908 sequentibus
600 2847 771 2903 attribuamus,
791 2844 855 2894 belse
875 2843 986 2909 procedet
997 2843 1115 2892 sententia

241 2908 286 2958 fic:
302 2914 337 2956 Ea
346 2925 413 2971 quum
423 2926 471 2955 cum
479 2911 587 2972 voluptate
597 2915 759 2973 conjungerent,
775 2924 820 2971 qua
832 2907 936 2968 Aristoni
946 2909 981 2959 &⁴-
1016 2909 1113 2957 Gmtes.

241 2977 315 3022 Vetus
325 2973 400 3022 editio
415 3006 422 3030 ‚
434 2989 468 3018 eas
479 2988 527 3019 cum
537 2973 648 3034 veluptate
658 2976 793 3034 conjungunt.

277 3051 312 3093 54.
330 3043 388 3083 Nam
399 3053 447 3082 cum
458 3036 600 3082 Academicis
611 3038 691 3082 incerta
703 3038 791 3082 lassarit
801 3033 849 3093 osb]
875 3034 911 3082 Sic
921 3031 1019 3096 quidem
1028 3031 1117 3081 Palati·

243 3097 282 3154 ni,
299 3111 381 3160 preter
391 3099 506 3160 primunr,
522 3099 548 3146 in
558 3112 608 3161 quo
618 3100 681 3145 untia
691 3100 780 3145 lusiano
790 3099 836 3158 est,
862 3095 927 3159 quod
941 3097 982 3160 qui
992 3096 1117 3159 negaverit

242 3160 344 3211 austeris
354 3161 477 3225 geminum
487 3175 640 3225 germanum,
657 3160 752 3225 negabit
764 3163 790 3210 ἃ
800 3160 897 3208 meridie
909 3160 993 3210 lucere.
1027 3162 1118 3209 Gruter.

285 3239 296 3280 ς
301 3240 321 3279 ς.
338 3228 365 3270 Vi
370 3225 412 3283 fua
419 3236 502 3286 propter
506 3225 590 3287 seque]
612 3224 647 3272 sic
658 3226 714 3273 Pali.
728 3238 812 3272 omnes
823 3226 848 3272 tc
859 3222 932 3271 editio
943 3222 1058 3280 victorin
1074 3220 1118 3271 nisi

224 3288 228 3293 '
253 3286 358 3351 quodpr.
364 3287 407 3346 sua
418 3291 457 3343 vir
474 3286 575 3335 secundo
585 3286 641 3335 verb
647 3284 705 3335 desit
711 3288 803 3350 copula.
820 3287 923 3351 vulgati,
939 3289 967 3332 vi
973 3287 1016 3346 sua
1023 3298 1064 3347 pro
1086 3302 1122 3333 er·

253 3351 329 3412 quese.
346 3350 420 3411 quim
433 3347 521 3411 pufillis
532 3363 606 3413 cogor
615 3350 740 3399 inherere!
748 3349 785 3399 sed
796 3349 863 3397 aliter
872 3348 923 3396 sieri
933 3363 983 3396 non
994 3360 1036 3412 pot
1078 3381 1086 3406 ,
1101 3344 1121 3399 fi

253 3414 327 3462 velim
337 3413 429 3461 munire
438 3427 479 3461 me
488 3426 571 3463 contra
580 3414 711 3480 eos,quiin
720 3426 760 3465 me
769 3409 976 3471 incunuentnefi
988 3411 1123 3478 quidquem

254 3474 343 3531 temere
356 3474 489 3530 mutassem.
520 3478 588 3530 ldaea».

1018 3545 1057 3599 5⁶·
1073 3541 1128 3601 ΛΡ.
